3034 4775
563 321 612 369 nn
635 321 860 369 ruurerrro.
1216 308 1261 374 b?

160 486 232 531 rum
241 466 374 533 nutibus
388 466 585 550 expolitum,
598 466 747 549 quereris
761 464 920 545 ubtnndi3
935 466 1158 545 reminiscere,
1168 470 1262 551 quod

162 586 254 651 saepe
268 586 401 633 versum
422 566 569 633 Corinna
589 584 667 631 oum
692 586 756 631 sno
773 565 914 631 Nasone
926 568 1123 653 complevit,
1139 568 1264 635 Itesbin

161 688 238 733 eum
253 668 395 747 Catullo,
410 666 577 734 Cesennia
589 686 669 734 eum
683 666 855 745 Getulioo,
867 665 1066 751 Argmtnriu
1089 690 1168 737 oum
1192 670 1262 737 Lu·

162 788 259 849 ceno,
274 769 419 856 Cynthio
431 788 509 837 oum
524 769 714 855 Propertio,
729 770 831 835 Delie
843 788 922 837 unm
936 771 1086 842 Tibullo.

428 954 613 1021 Diomedes
627 952 876 1021 Grammaticus
891 970 947 1019 nr.
960 954 993 1021 b

206 1070 306 1151 Quod
331 1092 437 1159 genus
461 1074 619 1139 carminis
650 1072 831 1159 [Eleginm]
862 1073 1033 1159 precipue
1055 1072 1263 1155 seripserunt

161 1172 253 1259 upud
270 1172 445 1239 &munos
460 1174 668 1260 Propertius,
683 1180 718 1241 et
739 1172 907 1253 Tibullus,
933 1177 969 1239 et
991 1170 1125 1253 Gellue,
1138 1174 1262 1244 imitati

161 1273 302 1341 Grecos
316 1274 559 1347 Gollimuelrnm
573 1282 608 1343 et
622 1276 886 1362 Euphorionem.

453 1458 603 1542 legem
620 1460 815 1525 Politisnuo
830 1459 866 1525 N
868 1462 960 1527 uuio.

291 1577 339 1642 Ut
353 1577 435 1642 tersi
448 1584 609 1643 memoret
618 1576 677 1661 piu
692 1574 797 1643 Musn
809 1576 953 1656 Tibulli,

248 1678 351 1743 Musa
366 1679 432 1743 sibi
446 1678 573 1763 primos
587 1698 666 1763 quoe
675 1678 752 1763 jure
765 1680 912 1745 neuim
924 1681 1067 1747 bonores

248 1778 437 1864 Imperibns
451 1779 610 1858 numeris,
624 1782 659 1846 ni
675 1780 799 1846 blenda
814 1781 1005 1867 Propertius
1019 1802 1079 1848 oro

248 1880 381 1961 Solvet,
392 1889 427 1946 et
440 1881 630 1965 ambiguam
644 1880 751 1948 iaciat
765 1883 942 1949 eermmine
955 1883 1113 1967 palmum.

160 2064 315 2131 Bloudns
332 2064 485 2146 Florius,
507 2066 582 2133 Lib.
601 2084 625 2131 1.
648 2065 758 2135 Itulioe
770 2067 951 2135 illnsnotue
966 2064 1116 2150 Repone
1129 2073 1259 2150 quartu.

205 2212 386 2299 Eregione
399 2214 506 2281 'Privii
521 2235 656 2282 amoeno
678 2218 714 2281 in
740 2218 828 2283 collo
848 2216 991 2282 Poleam
1009 2222 1064 2283 est
1087 2216 1261 2302 oppidum,

160 2314 419 2403 haudquaquam
439 2318 566 2386 uetusti
588 2320 743 2400 nominis,
767 2320 828 2386 eod
852 2320 981 2404 populo
1008 2318 1261 2406 frequentatum.

159 2420 216 2485 Ad
231 2419 394 2505 collisque
410 2421 502 2486 illius
523 2420 657 2487 rediens
672 2423 707 2487 in
720 2423 779 2486 vie
792 2420 875 2486 olim
890 2421 1058 2486 Flaminia
1077 2429 1131 2486 est
1146 2420 1263 2488 Mero·

160 2524 228 2601 nia,
251 2521 293 2586 de
308 2541 378 2606 qun
393 2521 511 2587 livius
535 2521 571 2586 iu
599 2537 653 2585 rx.
676 2525 688 2555 ‘
704 2521 834 2587 Decius
849 2519 933 2586 Cos.
947 2522 1077 2604 mugnis
1091 2522 1263 2588 itineribus

161 2623 204 2688 ed
221 2623 426 2702 Mevaniam,
446 2624 505 2689 ubi
529 2631 599 2690 tum
620 2622 732 2708 oopiae
747 2621 949 2688 Umbrorum
964 2629 1073 2700 erant,
1095 2622 1262 2706 perrexit!

161 2725 306 2810 Fuitque
329 2725 365 2791 id
390 2725 554 2811 oppidum
578 2725 652 2790 nire
666 2732 824 2789 ornatum
839 2724 1014 2809 Propertio
1028 2723 1181 2801 Aurelio,
1203 2725 1262 2806 qni

158 2826 202 2892 de
217 2847 254 2892 se
268 2829 348 2911 ipso
364 2827 481 2892 scribit
503 2827 546 2891 ed
562 2826 700 2891 'Pullum
713 2827 801 2891 libro
816 2825 1031 2903 Monobiblo,
1053 2825 1122 2905 vel,
1135 2832 1173 2889 nt
1188 2823 1261 2890 No·

159 2929 217 2991 nio
230 2927 393 2994 Marcello
408 2927 535 3013 placet,
556 2927 643 2994 libro
659 2927 870 3010 Elegiorum:

203 3043 369 3110 Proximo
383 3045 581 3130 suppositos
596 3044 794 3127 contingens
810 3041 953 3108 Umbrio
967 3061 1109 3126 campos

249 3145 308 3213 lle
324 3149 437 3231 genuit
452 3147 549 3213 tonis
563 3145 686 3212 fertilis
701 3147 871 3212 uberibus.

160 3263 322 3348 Idemque
337 3265 371 3329 in
386 3263 574 3346 Elegiurum
590 3269 729 3348 quarto:

204 3381 346 3448 Umbrio
360 3387 393 3447 te
407 3381 496 3482 netis
511 3381 649 3465 antique
662 3379 847 3463 penatibus
862 3379 950 3445 edit:

248 3483 407 3564 Mentior,
429 3501 472 3547 en
486 3483 609 3585 patriae
624 3481 768 3565 tangitur
780 3501 841 3548 oro
855 3488 936 3560 tuae,

206 3585 286 3666 Quo
300 3586 466 3652 nebuloso
479 3603 566 3652 curo
580 3592 671 3651 roret
685 3583 847 3650 Mevania
860 3601 994 3667 cumpo,

248 3687 291 3752 Et
305 3688 399 3754 leons
413 3687 541 3754 aestivis
558 3687 684 3770 intepet
696 3683 825 3752 Umber
838 3684 960 3768 equisl

340 3885 491 3952 Jounnes
502 3881 669 3950 Jovinnus
685 3881 872 3959 Pontonus,
886 3877 1046 3946 Amorum
1064 3898 1088 3943 r.

207 4021 238 4085 0
253 4022 378 4088 utinm
392 4027 428 4087 ot
441 4019 544 4088 nostri
557 4017 682 4104 lugiunt
693 4019 790 4102 nigre
801 4015 873 4084 tete
885 4013 1001 4090 libelli,

246 4123 290 4190 Et
303 4124 349 4190 sit
360 4129 522 4208 perpetuo
532 4141 601 4190 non
618 4121 691 4188 sine
705 4122 833 4193 honore
847 4115 969 4198 rogus!
