3034 4775
556 431 629 479 nin.
654 431 693 478 ιι.
718 429 825 478 nnnc.
848 413 902 477 34.

187 576 305 659 Incipe
315 575 389 659 jem
404 581 545 659 angusto
558 593 675 640 versus
690 573 858 640 includere
874 581 990 654 torn03

189 747 193 753 ,
230 679 338 761 Inque
353 686 428 743 tuos
446 679 552 760 ignes,
565 677 645 742 dure
658 675 772 760 poete,
790 678 875 740 veni.

186 781 316 845 Tunon
326 777 537 856 Antimacho,
551 798 619 843 non
634 780 736 844 tutior
756 779 822 842 ibis
838 779 1000 844 Homero.
1236 779 1281 844 45

232 883 386 965 Despicit
402 889 438 946 et
454 900 591 964 magnos
607 889 697 945 recte
713 881 830 965 puella
843 880 949 945 Deos.

184 1034 282 1082 choreae
289 1031 412 1081 melliora.
438 1031 519 1094 Incipe
530 1047 590 1081 nenc
600 1033 667 1081 tenni
677 1037 743 1081 lento
753 1031 858 1080 cornino
869 1031 1011 1094 concludere,
1022 1035 1124 1096 lupeno
1136 1031 1207 1082 Vntee
1214 1035 1282 1096 dere,

184 1101 217 1146 orl
227 1105 280 1147 tuoe
289 1111 379 1146 enimn
389 1097 507 1147 concedo
516 1100 606 1148 accede.
638 1098 695 1146 Non
703 1099 811 1147 meror
819 1096 960 1147 Auimln
970 1111 1043 1160 nepte
1054 1097 1159 1147 Homero
1167 1099 1280 1163 prndith.

641 1241 822 1265 mm

188 1309 323 1367 Senticeri.
342 1308 456 1374 Reliqui,
473 1315 593 1374 tenorent
611 1309 638 1359 in
656 1310 762 1359 relehro
780 1309 882 1372 nicenii,
909 1310 940 1359 D.
956 1313 980 1358 el
999 1309 1141 1373 AEeclpleo:
1164 1305 1279 1360 lrrrnttn!

186 1375 295 1426 Brcnltlt.
327 1374 378 1422 ‘Et
387 1375 467 1425 Μ.
488 1375 584 1426 Drend.
595 1389 653 1424 enm
665 1375 722 1423 rell.
736 1375 813 1424 codd.
826 1375 894 1438 qttod
905 1389 963 1424 conr
982 1376 1071 1439 vnlgg.
1088 1375 1227 1437 pretulere
1238 1376 1281 1425 ed.

185 1439 274 1488 Graev.
287 1439 369 1487 Lond.
390 1439 463 1487 laeicl.
483 1450 510 1488 et
530 1447 635 1488 tuentur
645 1439 724 1502 Vulp.
736 1447 763 1488 et
774 1439 897 1488 Wnliker.
912 1440 1012 1488 Amen.
1025 1441 1076 1488 hit.
1105 1437 1173 1487 .92.’
1192 1439 1279 1490 Barth.

183 1503 240 1551 ‘Et
251 1503 332 1552 AEnn
342 1503 426 1551 textui
438 1503 564 1554 reddend.
576 1505 662 1553 cenent
674 1518 721 1567 pro
729 1505 810 1554 Achil.
827 1513 856 1552 ut
868 1504 949 1553 edidit
961 1503 1076 1552 Broukh.
1099 1517 1155 1552 cnm
1165 1505 1281 1566 Boethio,

184 1569 228 1630 qni
240 1574 327 1615 temen
338 1572 361 1614 et
372 1567 453 1615 AEeri.
464 1567 607 1632 defenditz]
624 1577 728 1617 eecntns
745 1567 951 1618 emendationem
961 1569 1095 1632 Scaligeri.
1111 1566 1190 1616 Achil.
1202 1569 1281 1618 etiem

184 1631 308 1693 placebat
324 1631 489 1681 dictitando.
507 1633 670 1682 obnituntur
685 1647 774 1682 omnen
787 1631 841 1682 lere
855 1632 919 1682 libb.
931 1633 1021 1696 scripti
1034 1640 1062 1682 et
1079 1631 1142 1681 editi
1157 1633 1281 1682 vetustio-

183 1695 1283 1824 {ttrittltwlt¹¹¹tttt“l·ritttttt‘tlllttdtttdtthi‘

183 1825 283 1874 intimo:
295 1824 373 1890 idqne
381 1826 525 1888 proetnlinee
533 1827 724 1876 ridetanirin.
732 1839 760 1877 et
770 1827 841 1877 Fulv.
849 1827 957 1876 Ursinus
965 1827 991 1875 in
998 1827 1107 1890 Virgilio
1117 1826 1281 1878 cumGrrreie

183 1889 280 1938 cotteto
290 1891 322 1938 nd
335 1889 517 1942 Ed.r111.1tl.'
533 1893 619 1941 llnrrn.
636 1893 684 1940 ‘ln
695 1892 735 1940 hin
747 1907 798 1939 res.
812 1892 1037 1956 transpositionem
1053 1889 1148 1940 lectam
1160 1905 1226 1954 enee,
1237 1893 1283 1956 qni

185 1954 338 2017 attenderit,
349 1953 425 2004 lecile
437 1955 643 2005 animadvertet!
659 1955 755 2005 Lcclern.
775 1955 817 2018 qui
829 1956 973 2020 transponit
984 1957 1032 2006 hoc
1043 1963 1071 2004 et
1079 1971 1134 2020 req.
1142 1955 1281 2018 distichon,

184 2024 213 2066 et
225 2033 275 2068 rte.
292 2024 383 2070 letti.
393 2017 494 2070 fneitnt
506 2025 821 2086 reqnmrorventt-no.
846 2021 880 2070 Et
898 2022 978 2071 AEeclt.
997 2019 1102 2070 exhibet
1115 2021 1282 2072 lechin—42

182 2083 259 2132 Mene.
270 2083 360 2144 referre
372 2083 453 2135 Dore.
464 2089 490 2134 2.
504 2086 571 2150 quod
584 2101 616 2134 ex
634 2085 690 2134 aliie
701 2086 779 2135 etiem
796 2087 896 2135 ootnrit
915 2085 943 2136 L.
962 2087 1021 2135 Lnt.
1055 2085 1177 2134 Heinrine
1196 2085 1283 2136 eolcere

182 2162 251 2197 rnen.
268 2147 377 2198 Nihilne
388 2155 488 2198 mutere
498 2159 586 2198 mouet
602 2151 691 2200 Burin.
704 2159 731 2200 et
744 2151 811 2212 vulg.
822 2159 916 2200 tnetnr.
951 2151 1024 2200 Toron
1035 2151 1075 2200 rel
1086 2151 1165 2198 thoroe
1176 2149 1283 2200 damnet

181 2211 272 2261 Boron.
284 2213 352 2277 qnod
366 2213 465 2262 hahent
481 2216 594 2264 nonnulli
609 2215 671 2264 Mer.
682 2223 710 2262 et
726 2214 786 2263 edd.
799 2217 923 2280 entique.
943 2215 1033 2264 Choron
1045 2221 1130 2263 tamen
1142 2213 1167 2262 in
1180 2213 1229 2264 Ed.
1241 2230 1280 2279 pr.

181 2275 250 2326 Dece
262 2277 332 2326 leid.
341 2281 366 2326 2.
375 2277 456 2328 Dorv.
466 2282 557 2328 n—et
574 2281 581 2306 ‘
594 2279 735 2342 Componere
745 2279 871 2342 Scaliger,
880 2279 923 2344 qui
934 2289 1009 2342 putat
1021 2293 1109 2328 verene
1119 2284 1187 2328 torno
1195 2280 1283 2330 includi

183 2349 257 2390 recte
272 2341 323 2392 dici
335 2356 386 2391 non
398 2357 482 2407 ponte.
517 2346 659 2406 Cornponere
674 2343 750 2393 hehet
762 2353 850 2393 noster
862 2347 887 2393 2.
897 2344 1017 2395 includere
1029 2349 1052 2394 1.
1063 2345 1188 2410 Groning.
1200 2345 1281 2411 Regg.

183 2406 312 2455 Colhertt.
323 2420 384 2455 cnm
398 2408 510 2456 Veneta.
544 2409 620 2456 Torno
636 2410 723 2456 incled.
739 2416 789 2465 eet,
804 2416 876 2470 puto,
893 2406 997 2458 funibus
1016 2410 1236 2471 comprehendere
1254 2418 1283 2461 et

182 2477 259 2520 torno
267 2469 414 2519 totondere.
449 2472 538 2519 Altero
552 2470 644 2519 ehhine
655 2486 729 2520 vernn
747 2472 881 2521 habuimus
891 2488 994 2535 compen.
1007 2488 1063 2537 qne
1073 2475 1196 2537 repetitio
1207 2475 1282 2526 nimie

100 2591 103 2596 y
183 2532 253 2583 foret
270 2532 371 2583 vicine!
389 2535 497 2584 Brctlch.
518 2534 649 2598 ‘Compon
663 2534 755 2583 Dresd.
766 2550 780 2583 e
792 2551 829 2584 vn.
846 2534 896 2584 ct!
913 2536 1001 2586 Barth.
1024 2536 1121 2599 ‘Incipe
1132 2542 1156 2585 et
1168 2540 1247 2589 llorr.
1255 2543 1282 2589 2.

182 2598 293 2659 Anguem
311 2599 339 2647 in
355 2612 413 2646 meo
424 2603 448 2648 2.
472 2600 566 2659 Arguto
581 2600 728 2664 conjecerat
747 2598 839 2649 Helos.
870 2600 981 2663 Compon.
997 2600 1108 2650 lllentel.
1123 2600 1202 2653 Dorr.
1213 2606 1237 2653 2.
1254 2610 1282 2653 et

183 2678 270 2711 otene:
288 2662 333 2711 ced
345 2663 431 2711 incted.
444 2663 534 2719 reteri,
545 2671 572 2711 et
584 2679 623 2726 pr.
636 2662 696 2711 edd.
712 2663 780 2729 qrrod
800 2678 887 2713 rernnr
900 2673 949 2713 ert.
985 2664 1027 2715 lta
1039 2680 1071 2715 ex
1082 2665 1139 2713 aliie
1152 2666 1230 2715 etiam
1242 2667 1285 2717 In·

183 2727 269 2789 ripert
282 2742 338 2789 eng.
350 2743 373 2777 o.
385 2743 488 2790 cornpon.
500 2724 576 2776 effert
590 2729 618 2777 h.
633 2728 691 2777 Lat.
727 2728 806 2777 ‘lirino
818 2729 842 2777 in
855 2742 912 2777 meo
922 2732 946 2777 2.
970 2728 1039 2777 nude
1055 2734 1154 2791 owner
1164 2745 1226 2795 gyro
1237 2730 1280 2781 hn-

183 2793 271 2840 rioleri
292 2792 349 2857 quis
357 2790 461 2854 posset!
478 2792 629 2841 Bon-ce
646 2792 851 2842 ‘pectinarius
862 2794 974 2843 melehet
986 2794 1051 2843 Dore
1063 2808 1088 2857 p.
1100 2793 1235 2845 Animadr.
1248 2796 1282 2847 nd

183 2856 256 2905 Lihr,
266 2858 356 2921 Spect.
368 2856 443 2919 Epig.
453 2860 493 2904 tt.
506 2856 632 2919 deceptor
643 2864 707 2919 puto
715 2858 813 2920 Lyncei
824 2856 946 2907 nomine!
960 2858 989 2907 B.
1000 2860 1030 2907 Β.
1042 2858 1085 2921 (ιυί
1097 2858 1188 2909 addit:
1204 2862 1283 2911 'Mene

98 2917 102 2925 ¹
182 2921 200 2969 i.
215 2922 285 2969 mede
302 2920 407 2983 legebat
418 2921 509 2971 Heine.
530 2922 631 2975 Credon.
640 2923 683 2983 qui
697 2930 828 2971 recenset
848 2937 928 2971 norun
940 2929 980 2971 ert
992 2922 1016 2971 in
1029 2937 1129 2972 arnone:
1147 2925 1221 2974 dorne
1231 2933 1282 2988 ent,

184 2986 228 3049 qni
238 2986 288 3033 hnc
300 3000 380 3049 neone
393 3000 441 3034 non
453 2984 567 3034 amerit!
593 2986 676 3034 ‘Dece
687 3000 737 3035 non
749 2986 894 3037 solicitant.
910 2986 1023 3049 videtur,
1044 3002 1126 3052 neque
1149 3003 1207 3038 cum
1225 2990 1282 3040 aliie

181 3058 374 3113 pernentcnm
395 3050 484 3099 Helos.
501 3053 589 3099 crede:
611 3051 692 3099 nrrrlto
711 3050 797 3099 minus
826 3052 891 3101 Dore
911 3052 1084 3102 eubetitrrentl.
1099 3060 1148 3101 est.
1180 3053 1283 3105 Deinde

181 3130 243 3163 meos
262 3114 352 3163 Heine.
364 3124 391 3163 et
403 3116 441 3163 eie
454 3115 549 3165 Merkl.
559 3116 602 3165 cui
613 3116 691 3164 etiam
704 3115 730 3163 in
740 3124 854 3164 mentem
873 3127 980 3165 verreret
994 3116 1146 3183 tnoegproe!
1160 3120 1282 3172 Burm.-

182 3184 213 3229 46
231 3180 366 3231 Sententia
380 3183 419 3230 ite
435 3180 559 3245 innitente,
577 3180 614 3229 ait
630 3180 734 3231 anltm.
749 3180 828 3231 scribi
840 3180 920 3231 dehet
942 3183 978 3233 ‘lii
991 3197 1014 3231 n.
1025 3182 1226 3247 Antimachum.
1237 3184 1283 3235 ti.

677 3312 789 3365 nore
854 3278 863 3290 ⁸

182 3410 714 3477 Grecoeperronmverieqneomemeote
753 3410 886 3477 quintinit.

181 3488 324 3536 adinvenit.
367 3487 450 3538 Juxta
477 3488 540 3539 illud
564 3492 657 3542 llornt.
686 3490 712 3539 in
785 3493 817 3537 tt
850 3489 960 3550 Angnno
991 3484 1072 3550 torno]
1106 3486 1283 3551 Melepltorlce

182 3563 215 3611 Α.
230 3564 260 3611 Ρ.
277 3562 570 3627 ‘Poetlruncpereonae
586 3568 712 3631 pelleque
754 3564 876 3628 praeeiplt
909 3563 1060 3612 scribendos
1093 3576 1151 3611 eene
1179 3562 1284 3626 Lynceo

181 3638 713 3705 repertorhoneetntlieclrylnnetnrodicie
754 3654 845 3689 verene
866 3640 961 3703 elegos,
978 3639 1021 3703 qni
1040 3638 1168 3689 molliores
1183 3654 1214 3689 ee
1237 3640 1284 3689 mi·
1385 3684 1388 3693 .

181 3716 302 3767 instravit
326 3715 429 3779 pulpiti
456 3718 543 3779 tignis,
565 3719 600 3767 Et
625 3718 714 3767 tlocnit
753 3730 831 3765 neree
858 3716 974 3763 venitm·
1001 3715 1118 3779 triginti,
1149 3716 1193 3779 qui
1223 3724 1285 3767 tunt

181 3791 555 3858 magnomqneloqni,nitiqne
572 3794 714 3844 cothurno!
753 3792 863 3842 heroici.
899 3790 1025 3841 Horatio·
1046 3790 1176 3854 impolitne
1197 3800 1225 3841 et
1246 3794 1284 3841 ln-

181 3872 329 3920 Cothornne
346 3876 432 3917 entem
446 3869 617 3919 celeeementi
634 3884 715 3933 geone
754 3870 895 3920 concinnos
910 3882 1002 3917 verene
1013 3866 1107 3917 rocet‘
1119 3867 1186 3917 mele
1197 3874 1284 3917 torne-

181 3953 232 4009 eet,
249 3960 325 4009 queen
345 3945 372 3993 in
397 3945 526 3995 theatrum
546 3945 646 3996 inruit
662 3948 714 3996 Ευ-
755 3945 812 3997 toe'
828 3943 897 3995 inA.
907 3944 940 3995 P.
955 3944 1008 3993 ‘Et
1027 3943 1095 3993 mele
1113 3950 1230 3994 tornntoe
1245 3945 1284 3994 ln·

181 4022 281 4086 chyloe.
313 4020 486 4084 ‘AEechyleo'
515 4030 601 4071 entem
628 4024 714 4073 ‘com-
753 4022 815 4072 endi
829 4020 1057 4071 reddererereoe.’

182 4098 525 4163 ponerererbreottrnrno:
542 4098 712 4149 idemeston
784 4102 816 4148 tc
834 4095 988 4159 enomere]
1011 4094 1184 4146 Antimnchnt
1205 4096 1283 4160 poete

180 4174 713 4241 eemengrendiloqnnmtrngleoqneetylo
753 4173 805 4224 t'nlt
821 4175 938 4233 Graue,
954 4173 997 4221 eni
1016 4172 1043 4221 in
1065 4186 1161 4236 genere
1180 4172 1284 4224 heroico

180 4252 306 4314 imitere,
317 4249 460 4315 cnjoemodi
482 4250 588 4314 eeripnit
606 4251 713 4315 AEeclry·
753 4252 880 4302 monndee
891 4249 986 4299 detulit
1004 4262 1142 4299 contenent
1158 4263 1284 4314 minure-

180 4330 231 4394 lue,
241 4328 285 4395 qui
293 4327 418 4391 enhlimie,
432 4326 528 4391 neth,
543 4334 571 4377 et
582 4327 712 4391 grundio·
752 4328 873 4391 ticorom,
894 4334 924 4377 nt
944 4324 981 4375 nit
1000 4324 1184 4379 Quintittmoe.
1206 4324 1283 4375 llnnc
