3034 4775
261 352 282 411 4
699 361 909 411 remunero.

262 504 471 572 Bmukbusio
482 502 638 581 collatus,
652 502 743 567 idem
757 503 816 566 ille
841 508 920 567 tuuc
935 507 1094 586 repertus,
1107 500 1277 567 habendus
1293 502 1355 583 sit;

261 608 316 673 vel
328 614 367 669 ut
382 604 616 689 Broukbusius
638 605 672 668 in
695 612 796 669 aetate
813 604 911 687 bujus
929 604 1059 668 codicis
1075 604 1254 669 Frunmaui
1267 604 1357 669 aesti-

259 708 382 773 manda
409 708 528 770 mirum
557 708 590 769 iu
612 707 748 769 modum
777 705 946 769 erraverit
990 706 1083 768 Huic
1113 706 1202 770 enim
1224 723 1354 769 summo

260 810 344 874 Viro
366 807 475 870 codex
499 806 555 869 ille
580 806 713 871 Francii
735 806 833 870 facile
855 825 958 871 anuos
976 806 1052 869 400.
1076 807 1237 870 excedere
1261 808 1355 870 visus

258 910 331 973 luit.
375 908 551 971 Scribebat
565 926 644 971 vero
666 908 740 973 baec
764 906 997 971 Broukbusius
1019 907 1055 969 in
1070 906 1169 971 Pras.
1192 907 1236 971 ad
1261 925 1356 971 snam

260 1011 337 1075 edit.
351 1008 490 1093 priorem
506 1008 548 1072 A.
565 1008 603 1073 C.
618 1009 713 1073 1702.
729 1008 815 1072 adeo
829 1014 866 1072 ut
879 1008 1131 1073 bunccodicem
1145 1015 1219 1072 ante
1232 1026 1356 1071 aunum

258 1112 354 1176 1302.
371 1112 532 1193 scriptum
546 1128 619 1174 esse
627 1116 791 1193 oporteat.
813 1110 867 1175 sit
879 1109 979 1191 igitur
989 1128 1094 1193 penes
1107 1111 1183 1173 illos
1191 1109 1356 1192 judicium

258 1213 383 1295 quibus
413 1211 511 1275 codd.
535 1212 612 1274 illos
641 1210 723 1273 licet
745 1211 932 1293 inspicere:
964 1211 1044 1273 mibi
1069 1218 1158 1276 certe
1180 1208 1355 1293 probabile

258 1314 357 1393 suerit
372 1312 524 1376 codicem
537 1311 644 1387 illum,
659 1312 693 1374 in
709 1311 794 1375 cella
807 1312 935 1375 ainana
950 1318 1128 1394 repertum,
1143 1311 1356 1375 occasionem

259 1414 360 1478 modo
376 1413 559 1496 praebuisse
569 1414 604 1475 in
619 1414 812 1494 scriptorem
824 1414 889 1476 buc
900 1432 1006 1495 usque
1021 1432 1061 1487 ue
1075 1412 1209 1476 nomine
1220 1410 1355 1494 quidem

259 1502 426 1597 cognitum
442 1511 638 1597 inquirendi,
652 1515 793 1597 ejusque
807 1514 933 1597 scripta
948 1516 980 1577 iu
993 1514 1099 1577 lucem
1114 1520 1354 1596 aspectumque

258 1616 426 1681 bominum
451 1614 670 1697 protrahendi.
715 1614 903 1696 Utcumque
924 1614 982 1690 sit,
998 1612 1061 1679 Vir
1082 1613 1199 1677 doctus
1219 1630 1354 1695 quoque

259 1735 367 1799 nuper
380 1717 412 1779 in
428 1715 588 1778 Bibliotb.
602 1714 750 1795 Gotting.
766 1713 890 1776 Pbilol.
910 1719 933 1776 t.
951 1729 1008 1775 ιιι.
1032 1714 1158 1777 Partic.
1173 1714 1204 1776 4.
1227 1733 1261 1796 p.
1277 1712 1354 1776 359.

258 1816 301 1880 de
321 1817 455 1880 veritate
479 1814 571 1877 illius
585 1813 841 1878 narratiunculae
863 1814 1041 1890 dubitavit,
1056 1813 1139 1877 adeo
1154 1818 1192 1876 ut
1213 1820 1355 1876 totores

259 1926 328 1982 tum
343 1918 476 1981 demum
492 1919 581 1982 omui
605 1916 813 1981 dubitatione
834 1917 972 1981 liberari
993 1936 1092 2001 posse
1106 1918 1265 1995 videatur,
1279 1936 1355 1981 cum

259 2019 379 2101 reliqui
395 2020 493 2083 codd.
510 2018 660 2100 Propert
675 2016 821 2093 noudum
835 2018 991 2100 inspecti,
1005 2018 1041 2080 ln
1054 2018 1141 2083 locis
1154 2021 1274 2083 saltem
1285 2037 1355 2082 cor·

258 2121 364 2202 ruptis
379 2138 419 2183 ac
435 2118 563 2183 mutilis
579 2117 732 2203 consulti,
751 2118 786 2181 iu
798 2118 906 2202 iisque
927 2120 1028 2182 etiam
1051 2120 1226 2185 manifesto
1241 2118 1355 2184 vitiosi

260 2218 457 2303 deprehensi
468 2219 599 2284 suerint.

302 2320 389 2384 Post
397 2317 532 2383 Antonii
548 2318 668 2384 Volsci
683 2318 790 2400 igitur,
801 2322 913 2402 (quem
924 2320 1155 2386 Broukbusius
1170 2322 1355 2405 aliquoties

259 2429 382 2504 preater
403 2441 559 2485 caussam
582 2429 774 2504 suspectum
786 2422 901 2487 babuit
915 2422 958 2486 de
973 2423 1062 2487 lectt.
1077 2443 1122 2488 ex
1132 2425 1262 2506 ingenio
1275 2441 1356 2488 cou-

259 2521 356 2601 lictis,
371 2541 446 2587 cum
461 2541 520 2586 eas
543 2523 577 2585 in
598 2522 741 2586 editione
762 2525 907 2588 omnium
923 2525 1076 2608 principe
1097 2527 1257 2607 repererit
1272 2522 1355 2587 Vul-

259 2620 365 2707 pius,)
379 2623 549 2700 Beroaldi‚
566 2629 668 2706 atque
687 2624 826 2686 aliorum
840 2625 981 2704 labores,
1005 2627 1048 2691 de
1065 2626 1239 2708 Propertio
1263 2625 1355 2709 ejus·

260 2744 327 2808 que
343 2731 500 2789 contextu
516 2725 723 2788 benemeriti
747 2731 827 2788 sunt
842 2723 995 2790 Muretus
1017 2727 1193 2810 imprimis,
1207 2734 1242 2790 et
1255 2726 1278 2791 J
1280 2746 1355 2790 ose-

258 2824 345 2908 pbus
360 2825 522 2905 Scaliger,
538 2843 729 2909 quanquam
744 2823 799 2888 bic
815 2845 893 2888 usus
907 2832 959 2891 est
975 2832 1101 2892 tantum
1115 2827 1217 2890 unico
1231 2827 1355 2909 scripto

259 2925 358 3002 libro,
380 2917 569 3008 etquidem
592 2934 736 3002 recente,
762 2925 821 3009 qui
841 2933 952 2991 tamen
974 2927 1043 3010 ipsi
1068 2926 1112 2990 ad
1137 2925 1356 2990 Tibulli-1.

261 3031 272 3060 ‘
288 3023 443 3107 quaedam
458 3027 635 3089 uetustatis
650 3029 792 3090 retinere
806 3027 965 3109 uestigia’
980 3027 1118 3105 videtur,
1140 3032 1241 3092 ‘cum
1251 3027 1355 3111 paulo

260 3131 338 3190 unte
352 3125 521 3187 ineuntem
533 3127 806 3209 typographicam
820 3134 925 3190 artem
939 3127 1084 3207 scriptus
1099 3127 1154 3202 sit,
1164 3132 1199 3189 et
1211 3127 1357 3190 nondum

260 3229 481 3288 correctorum
496 3224 635 3288 audacia
650 3225 698 3289 ita
720 3227 858 3289 licenter
877 3227 909 3289 in
932 3225 1030 3288 bonis
1049 3226 1239 3291 auctoribus
1253 3245 1356 3309 raga-

259 3322 370 3389 retur!
424 3323 539 3387 Habet
566 3327 596 3388 is
620 3325 715 3404 liber,
744 3325 903 3389 interdum
933 3327 1061 3404 saltem,
1081 3327 1173 3393 lectt.
1195 3328 1356 3406 diversas,

260 3426 410 3508 margini,
433 3422 513 3488 licet
531 3423 645 3488 eadem
671 3444 782 3501 mauu,
810 3430 944 3489 auctore
967 3425 1148 3509 Scaligcro,
1173 3429 1356 3511 ascriptas;

260 3527 415 3606 illiusque
446 3527 553 3608 ipsius
583 3525 686 3588 etiam
716 3524 844 3588 codicia
872 3527 1007 3609 copiam
1035 3528 1159 3593 lecerat
1184 3528 1355 3610 Scaligcro

263 3626 435 3708 Cujacius.
489 3624 676 3701 Enimvero,
705 3624 787 3688 licet
822 3627 934 3707 negari
967 3635 1115 3710 nequeat
1143 3627 1355 3710 Propertium

261 3727 366 3790 multa
388 3724 506 3789 debere
524 3723 602 3787 huic
617 3722 749 3788 Alcidae
771 3724 915 3803 literato,
930 3728 1054 3811 quippe
1076 3729 1136 3811 qui
1158 3735 1355 3792 contextum

260 3830 371 3911 ipsum
385 3825 497 3889 multis
518 3826 643 3908 passim
667 3827 936 3908 interpolatorum
955 3829 1137 3911 superioris
1153 3829 1264 3892 aetatis
1285 3847 1356 3892 sor·

262 3927 361 3993 dibus
372 3932 585 4010 repurgatum
600 3927 696 3990 nobis
711 3927 813 4004 dedit,
823 3932 930 3992 tamen
944 3930 1032 3993 baud
1047 3930 1119 3992 scio
1129 3948 1173 3992 au
1187 3947 1254 3992 non
1268 3929 1357 3992 idem

262 4028 366 4092 altera
378 4047 478 4092 manu
502 4027 606 4091 multo
622 4029 696 4112 plus
721 4029 876 4113 eripuerit
897 4036 1008 4093 nostro
1024 4027 1153 4105 Poetae,
1168 4047 1269 4112 quam
1286 4030 1356 4112 ipsi

262 4128 408 4206 dederat,
422 4129 528 4211 eique,
543 4129 663 4194 misere
679 4147 774 4211 saepe
793 4130 948 4193 laceratis
961 4127 1120 4191 membris
1133 4128 1291 4211 vultuque
1307 4135 1356 4192 at-

1507 1 1512 350 1
