3034 4775
588 344 658 395 ure.
682 348 707 397 1.
732 348 839 396 nune.
862 332 915 397 12.

202 490 236 556 N
238 510 277 555 eo
291 490 373 555 mibi
388 492 572 557 nonmusios
587 492 749 574 amplexu
764 490 870 555 nutrit
886 493 1019 555 umores

242 589 394 676 Cynthia,
411 611 473 657 neo
488 598 606 657 nostre
620 590 729 655 dulcis
743 592 781 653 in
793 610 875 654 oure
890 596 1000 655 eonnt.

200 692 290 757 Olim
304 700 417 775 gratus
432 709 543 757 enm:
566 710 635 755 non
649 690 710 754 illo
723 696 875 773 tempore
888 692 1047 775 cuiquem

243 793 406 876 Contigit,
421 802 460 859 nt
474 795 576 859 simili
591 798 707 877 posset
722 810 833 856 amere
846 792 922 857 fide.

155 930 159 937 ·
198 894 339 961 Invidiae
353 896 504 961 fnimnel
527 915 605 961 num
620 913 671 959 me
687 895 785 959 Deus
799 894 934 959 obmiti
956 912 999 959 an
1013 912 1091 977 qnae

241 997 349 1063 Lecta
363 998 574 1063 Prometheis
589 996 711 1062 dividit
724 997 828 1060 herbo
836 996 955 1079 jugisl
1260 998 1304 1063 lo

195 1178 293 1225 sutores,
304 1180 377 1227 sepes
388 1164 509 1214 blandiens
518 1164 615 1215 sse-iius
625 1164 683 1215 meis
692 1164 836 1213 irrumet
868 1162 925 1227 Ipsi
936 1162 1054 1227 quondm
1068 1152 1176 1224 deceptui
1193 1167 1218 1211 st
1234 1177 1304 1212 cerus

195 1242 277 1286 erem:
293 1234 349 1278 tuse
358 1228 417 1278 sudi
425 1229 555 1278 bominum
566 1243 697 1279 mrcsssum
706 1234 743 1277 est
753 1234 783 1277 ut
789 1226 970 1291 pnrifldelitnts
980 1241 1059 1275 omns
1065 1230 1159 1289 possen·
1168 1231 1195 1276 et
1204 1227 1303 1288 inuida

190 1292 291 1351 finimus.
308 1293 349 1343 As
359 1308 396 1342 uss
408 1294 473 1343 Dent
485 1290 617 1358 oppressit?
632 1292 673 1343 As
684 1292 824 1355 lterbn,pue
833 1293 972 1341 comant
982 1290 1008 1341 in
1020 1290 1138 1340 montibu
1150 1291 1304 1355 Pmmetieis,

662 1401 842 1421 W

197 1468 254 1519 Ur.
265 1482 339 1519 uri.
350 1474 423 1518 l.·-tt
443 1470 573 1531 Gempiees
583 1468 676 1517 Postb.
687 1469 762 1517 Voss.
772 1473 798 1517 t.
821 1466 886 1517 Ask.
903 1468 968 1515 Exn.
981 1466 1053 1516 Mod.
1085 1465 1217 1528 Anum
1227 1466 1300 1517 Leid.

194 1536 219 1582 ἱ.
260 1533 352 1583 Voluit
369 1532 399 1595 t,
415 1534 453 1581 eit
472 1534 643 1594 Βιιιιιιιιιιιιιι,
663 1531 784 1581 librarius
801 1535 923 1579 emto·
940 1532 1062 1593 raptem
1079 1532 1159 1579 eunte
1179 1544 1302 1580 uere.-

195 1600 211 1646 6
228 1598 236 1626 ‘
250 1597 340 1647 Nostro
355 1598 380 1646 d.
398 1596 427 1645 irs
445 1610 485 1645 ers
505 1593 597 1645 Heius.
610 1597 644 1645 N.
657 1595 692 1645 ed
702 1596 755 1644 0u.
767 1606 822 1643 ιιι.
838 1594 877 1643 Μ.
894 1598 952 1643 430.
969 1594 1040 1657 [com
1051 1592 1135 1657 Gap]
1146 1608 1178 1643 en
1189 1594 1259 1657 qnod
1269 1608 1302 1645 ss

194 1660 408 1725 etolreqnenter
427 1658 620 1709 confunduntur
638 1660 665 1708 in
686 1659 792 1721 seriptis
811 1658 1020 1721 exemplsribusz
1036 1658 1074 1707 itu
1091 1671 1169 1707 seue:
1186 1658 1233 1707 sed
1248 1672 1301 1707 nou

193 1738 306 1787 semper,
322 1738 373 1773 uon
382 1722 488 1786 ubique.
525 1724 559 1773 li.
571 1724 588 1772 l.
607 1724 670 1773 nihil
682 1722 763 1771 debet
773 1722 885 1772 meteri!
902 1722 1013 1772 Brnslris.
1044 1725 1054 1752 ⁴
1069 1723 1170 1772 Delam
1179 1723 1264 1771 Derr.
1274 1726 1301 1772 Ι.

193 1802 210 1835 ι
220 1801 256 1837 ιιι.
267 1802 307 1851 pr.
319 1787 385 1837 durs
395 1792 548 1837 constanter
558 1787 584 1837 in
595 1802 664 1836 omn.
676 1787 753 1837 codd.
766 1793 795 1836 et
810 1787 916 1837 vetustis
928 1786 989 1836 edd.
1000 1799 1052 1836 non
1062 1801 1112 1836 ors.
1145 1787 1207 1837 Non
1216 1786 1300 1849 probo

194 1851 564 1979 {llicttldffilutzt
575 1852 666 1965 ,lut
686 1849 1084 1993 uetuerimne}
1092 1851 1165 1977 {lu
1179 1850 1300 1964 „titi

667 1951 676 1977 ‚
943 1950 951 1964 ,
1154 1950 1162 1965 ,
1288 1942 1300 1955 .

194 1980 265 2029 tund.
284 1986 375 2031 censet
386 1980 510 2031 Broukb!
526 1980 613 2029 Bur-m.
648 1980 753 2029 Iuscbm.
772 1979 880 2030 exbibet
895 1985 924 2029 et
941 1978 1062 2029 defendit
1078 1985 1163 2028 nostre
1178 1979 1256 2028 duleis
1273 1980 1301 2030 is

194 2048 386 2094 serenum-t
403 2046 412 2073 ‘
428 2045 484 2094 Utte
494 2059 543 2108 pro
553 2046 594 2093 ilio
606 2043 699 2094 Heius.
710 2052 738 2094 et
753 2045 870 2094 Broukb.
888 2043 920 2091 sd
940 2057 1022 2107 murg.
1040 2043 1083 2093 ed.
1097 2043 1180 2093 coun.
1198 2042 1269 2106 qnod
1283 2058 1302 2093 s

194 2108 306 2160 Vosst.
322 2109 448 2159 firmetur.
482 2109 556 2159 Idem
577 2108 668 2158 Heins.
688 2108 769 2159 etism
789 2109 939 2172 eonjoeerst
959 2108 1042 2157 Dssee
1056 2112 1145 2173 gretes
1161 2120 1237 2168 ans,
1252 2121 1301 2156 m

193 2172 234 2221 iilo
253 2178 325 2235 terp.
350 2188 384 2223 ex
407 2172 544 2223 Horstieni
566 2172 617 2223 loci
637 2174 728 2236 procul
746 2172 827 2223 dnbio
844 2172 1007 2223 imitatione)
1023 2172 1112 2222 Βιπιι.
1147 2172 1187 2221 ot
1200 2175 1301 2233 pestere

194 2236 309 2288 nou-o
326 2239 334 2267 ‘
347 2239 415 2303 Gry.
435 2253 493 2288 cunr
512 2243 621 2304 poteret
630 2236 660 2285 rb
678 2252 735 2287 sess
752 2252 805 2287 non
823 2252 902 2302 pesse
912 2236 954 2287 hio
965 2237 1051 2287 loenm
1061 2236 1168 2298 bebere,
1184 2248 1217 2284 eo
1227 2234 1300 2299 qnod

193 2314 296 2364 semper
305 2306 426 2365 negeties
435 2302 649 2366 subintelligitur,
659 2302 751 2351 meluit
761 2316 803 2366 es,
816 2302 884 2367 qnod
897 2300 994 2365 legitor
1005 2302 1032 2350 ln
1041 2315 1123 2364 mnrg.
1133 2300 1211 2349 unius
1223 2299 1298 2350 Colb.

194 2364 274 2415 Certe
285 2366 384 2432 ailquid
393 2368 490 2417 ulceris
508 2368 592 2417 lutere
606 2366 704 2418 elsmrt
714 2366 845 2417 dissensus
856 2366 991 2427 librorum,
1009 2363 1065 2416 lere
1076 2366 1119 2415 sel
1128 2379 1191 2414 nese
1200 2364 1243 2413 rel
1252 2378 1300 2414 son

193 2428 354 2492 habentium,
371 2446 401 2481 sc
413 2431 510 2481 deinde
521 2437 592 2495 etque
602 2446 651 2494 pro
662 2446 693 2480 es
703 2445 771 2493 pse:
787 2431 826 2479 sie
836 2436 866 2479 et
881 2444 922 2493 pr.
932 2429 993 2478 edd.
1025 2429 1079 2479 Sed
1094 2431 1122 2480 in
1132 2430 1172 2479 bis
1184 2428 1300 2479 tenebris

193 2492 312 2544 lrsbende
328 2500 369 2543 est
385 2497 452 2546 retio
464 2495 623 2545 Latinitatis.
655 2493 739 2543 Delrll
757 2493 897 2543 lectionem
907 2494 929 2541 si
946 2506 1094 2558 sequemur,
1110 2507 1153 2542 res
1171 2493 1253 2542 omnis
1271 2493 1300 2542 in

195 2556 260 2606 redo
271 2563 321 2608 est.
355 2559 405 2608 Ille
416 2558 453 2607 ite
464 2560 554 2609 laudnt
564 2560 632 2608 buno
644 2559 661 2607 l.
685 2557 736 2607 Dlr
755 2556 804 2607 nis.
813 2557 911 2620 Magio.
923 2569 967 2606 ιιι.
982 2557 1037 2620 peis
1046 2573 1084 2606 su
1094 2558 1125 2606 D.
1137 2557 1175 2606 sb.
1185 2561 1228 2605 est
1237 2569 1299 2619 pse.

193 2620 277 2672 Vrlde
287 2623 376 2686 plsoet
386 2623 442 2672 brec
457 2624 596 2687 scripture,
612 2621 688 2671 modo
700 2619 732 2670 ed
754 2620 856 2671 ieerent
866 2620 1043 2671 membrana?
1059 2620 1170 2669 Bmlri.
1187 2620 1234 2683 qni
1243 2619 1300 2668 edi·

194 2684 233 2734 dit
243 2701 274 2736 ets
285 2701 322 2735 sue
333 2687 367 2736 D.
379 2684 476 2736 obruit?
491 2701 522 2736 nn
542 2701 602 2762 que,
618 2700 677 2734 enm
692 2680 787 2734 Bertb.
805 2685 849 2750 qni
869 2685 949 2733 dicit:
965 2684 974 2713 ⁴
987 2685 1054 2732 Nuus
1068 2698 1106 2732 sse
1118 2684 1154 2730 D.
1165 2698 1187 2733 ο.
1203 2697 1236 2731 ss
1247 2696 1300 2746 psa

193 2763 261 2800 omn.
272 2751 391 2801 mellibr.
403 2751 651 2815 panormumque
663 2748 743 2799 hebet
751 2763 798 2798 sos
807 2763 845 2798 ne
855 2749 891 2798 D.
900 2763 924 2798 e.
934 2753 1012 2811 etque.
1032 2749 1100 2796 Νιιιιι
1110 2751 1135 2795 te
1144 2747 1180 2795 D.
1200 2747 1298 2797 Dones.

692 2889 805 2943 NOTAE

194 3003 245 3054 que
256 2989 326 3038 Ptin.
339 3003 380 3040 iv.
392 2993 433 3039 12.
451 2991 495 3054 qui
507 2989 569 3040 ibid.
583 2988 675 3041 scribit
684 3003 728 3054 sp.
806 2989 895 3040 Veneto
917 2986 1037 3052 Eridano]
1061 2985 1191 3038 Eridunns
1209 2986 1238 3038 li.
1257 2993 1299 3038 est

193 3065 243 3114 boe
254 3063 282 3116 fl.
299 3066 372 3114 nssei
382 3066 506 3131 quemdem
518 3065 652 3129 bestiolas,
668 3080 727 3132 quse
768 3064 856 3115 ltslin
867 3064 1062 3126 celeberrimus,
1072 3064 1125 3115 elio
1134 3064 1239 3114 nemine
1247 3065 1299 3115 Pe·

194 3140 265 3190 dlem
276 3155 355 3191 onum
366 3141 525 3191 solummodo
538 3142 634 3192 visunt.
668 3141 726 3207 lly-
767 3141 816 3190 (lus
827 3147 1004 3204 unnenpstus,
1014 3153 1030 3190 ι
1040 3139 1150 3203 Virgilio
1160 3138 1299 3190 fluviorum

193 3215 558 3281 punienlterll.estseytlriae
566 3217 724 3282 Borystheni
767 3231 815 3267 rex
825 3217 983 3281 appellatus.
1015 3215 1124 3266 Dicitur
1135 3221 1222 3264 entem
1231 3215 1298 3266 Pro·

194 3291 304 3358 ricinus,
320 3308 397 3357 quem
419 3294 499 3344 Solin.
519 3297 560 3344 lt).
579 3295 725 3360 principem
767 3295 854 3358 pertin
872 3294 998 3356 Venetus,
1008 3291 1069 3358 quis
1086 3291 1113 3339 ln
1130 3289 1207 3340 Mure
1222 3289 1300 3341 Adri·

193 3365 231 3417 sit
252 3381 310 3418 esee
333 3369 447 3420 emnium
464 3369 656 3435 Scythicorum,
680 3387 725 3436 pu·
767 3374 864 3423 sticum
879 3371 951 3422 intre
964 3371 1124 3420 Venetorum
1135 3369 1201 3419 lines
1216 3367 1299 3420 effun-

192 3451 298 3506 mmet
312 3446 407 3496 benstu
427 3446 632 3507 saluberrimum,
642 3463 724 3514 nsque
768 3449 849 3514 ditur,
869 3457 897 3501 et
916 3463 963 3515 per
979 3446 1153 3500 illndtlnmen
1170 3448 1298 3498 venetius

192 3518 253 3568 dnm
272 3521 429 3585 Gellipidnur
452 3523 568 3573 terminis
586 3523 724 3590 inferetur,
766 3526 913 3591 navigetur.

193 3596 237 3646 nbi
248 3595 306 3646 fons
319 3597 468 3662 Exempens
480 3597 585 3649 infernis
596 3607 647 3664 est,
656 3615 724 3650 unre-
797 3607 816 3650 9
832 3601 933 3651 lusidio
942 3597 1047 3661 fetus]
1077 3597 1179 3661 blegne
1194 3609 1297 3660 semper

192 3683 221 3722 rs
248 3673 420 3737 scaturigine:
439 3675 484 3740 qui
504 3675 652 3740 Exempens
679 3677 723 3727 sd·
765 3669 1298 3740 boneverequegsudieinridiml'nernnt

192 3747 374 3799 mixtnstluerl
390 3763 492 3800 emnem
511 3751 645 3816 Hypanim
660 3751 724 3802 vitio
765 3751 885 3802 obnoxie.
918 3750 996 3800 Unde
1010 3751 1119 3800 Petron.
1145 3747 1297 3810 ‘Frnorque

193 3837 239 3872 suo
258 3826 353 3887 vertit3
380 3826 445 3876 eden
462 3832 493 3877 nt
512 3826 563 3876 sibi
583 3826 723 3887 dissimilis,
764 3828 832 3879 votis
843 3827 967 3894 usquead
978 3825 1102 3876 insidiens
1114 3821 1253 3872 felicibus!

192 3900 318 3964 potuique
327 3901 423 3952 inutilis
433 3901 467 3952 ob
475 3901 664 3967 emeritiem,in
673 3917 724 3954 ms·
798 3899 1090 3962 remane-uenit]
1115 3899 1189 3948 Deus
1198 3897 1243 3946 ille
1254 3904 1297 3948 est

193 3974 232 4024 rls
251 3975 396 4027 enudetur:
414 3978 493 4042 unde,
512 3980 557 4045 qni
576 3981 603 4029 in
626 3979 722 4044 prinei·
765 3979 941 4039 vetrorsum,
952 3979 993 4027 sel
1005 3974 1295 4037 Nemotuvetvew,

192 4051 242 4115 piis
265 4051 399 4115 Hypanim
420 4061 525 4117 norunt,
547 4059 606 4105 enm
626 4055 723 4118 predi·
765 4055 808 4103 sel
824 4053 927 4117 cepido
946 4052 1013 4115 lpse,
1033 4050 1074 4100 rel
1095 4049 1175 4100 etism
1190 4049 1296 4114 Jupiter

191 4132 271 4188 ιιιιις
287 4127 331 4190 qut
350 4127 377 4175 in
394 4125 445 4178 fine
462 4130 568 4196 experti
580 4137 650 4196 sunt,
671 4143 722 4182 nnn
764 4129 882 4178 Deorum
893 4137 1037 4190 supremus.

192 4203 463 4268 injuntumeormtur.
809 4207 841 4253 10
867 4201 1016 4253 Prmsths's
1039 4200 1122 4266 ineis]
1162 4202 1294 4258 &nouus
