<?xml version="1.0" encoding="UTF-8"?>
<!DOCTYPE html PUBLIC "-//W3C//DTD XHTML 1.0 Transitional//EN"
    "http://www.w3.org/TR/xhtml1/DTD/xhtml1-transitional.dtd">
<html xmlns="http://www.w3.org/1999/xhtml" xml:lang="en" lang="en">
 <head>
  <title>
</title>
<meta http-equiv="Content-Type" content="text/html;charset=utf-8" />
  <meta name='ocr-system' content='tesseract 3.04.00' />
  <meta name='ocr-capabilities' content='ocr_page ocr_carea ocr_par ocr_line ocrx_word'/>
</head>
<body>
  <div class='ocr_page' id='page_1' title='image "./sextiaureliipro01dubogoog_0056.png"; bbox 0 0 3034 4775; ppageno 0'>
   <div class='ocr_carea' id='block_1_1' title="bbox 498 308 1256 383">
    <p class='ocr_par' dir='ltr' id='par_1_1' title="bbox 498 308 1256 383">
     <span class='ocr_line' id='line_1_1' title="bbox 498 308 1256 383; baseline 0 -2"><span class='ocrx_word' id='word_1_1' title='bbox 498 334 570 383; x_wconf 81' lang='lat' dir='ltr'>rsa</span> <span class='ocrx_word' id='word_1_2' title='bbox 593 333 719 383; x_wconf 76' lang='lat' dir='ltr'>susos</span> <span class='ocrx_word' id='word_1_3' title='bbox 744 308 922 383; x_wconf 68' lang='lat' dir='ltr'>niceam.</span> <span class='ocrx_word' id='word_1_4' title='bbox 1210 316 1256 381; x_wconf 79' lang='lat'>43</span> 
     </span>
    </p>
   </div>
   <div class='ocr_carea' id='block_1_2' title="bbox 91 463 1277 3279">
    <p class='ocr_par' dir='ltr' id='par_1_2' title="bbox 91 463 1277 2980">
     <span class='ocr_line' id='line_1_2' title="bbox 142 463 1255 557; baseline -0.003 -13"><span class='ocrx_word' id='word_1_5' title='bbox 142 475 334 544; x_wconf 87' lang='lat' dir='ltr'>Brundusii</span> <span class='ocrx_word' id='word_1_6' title='bbox 349 480 446 553; x_wconf 86' lang='lat' dir='ltr'>esset,</span> <span class='ocrx_word' id='word_1_7' title='bbox 471 476 520 539; x_wconf 83' lang='lat' dir='ltr'>ite</span> <span class='ocrx_word' id='word_1_8' title='bbox 532 474 687 553; x_wconf 83' lang='lat' dir='ltr'>ordinari,</span> <span class='ocrx_word' id='word_1_9' title='bbox 703 481 742 541; x_wconf 88' lang='lat' dir='ltr'>ut</span> <span class='ocrx_word' id='word_1_10' title='bbox 762 475 874 541; x_wconf 87' lang='lat' dir='ltr'>multis</span> <span class='ocrx_word' id='word_1_11' title='bbox 896 463 1032 538; x_wconf 85' lang='lat' dir='ltr'>occasio</span> <span class='ocrx_word' id='word_1_12' title='bbox 1054 475 1255 557; x_wconf 74' lang='lat' dir='ltr'>praeberetur</span> 
     </span>
     <span class='ocr_line' id='line_1_3' title="bbox 91 574 1254 663; baseline -0.003 -19"><span class='ocrx_word' id='word_1_13' title='bbox 91 591 100 607; x_wconf 89' lang='lat'><strong><em>‘</em></strong></span> <span class='ocrx_word' id='word_1_14' title='bbox 139 600 188 644; x_wconf 90' lang='lat' dir='ltr'>eo</span> <span class='ocrx_word' id='word_1_15' title='bbox 206 577 453 663; x_wconf 88' lang='lat' dir='ltr'>proficiscendi.</span> <span class='ocrx_word' id='word_1_16' title='bbox 476 576 618 644; x_wconf 89' lang='lat' dir='ltr'>Videtur</span> <span class='ocrx_word' id='word_1_17' title='bbox 627 598 706 643; x_wconf 88' lang='lat' dir='ltr'>vero</span> <span class='ocrx_word' id='word_1_18' title='bbox 721 578 841 643; x_wconf 88' lang='lat' dir='ltr'>deiude</span> <span class='ocrx_word' id='word_1_19' title='bbox 856 576 1007 641; x_wconf 85' lang='lat' dir='ltr'>Messala</span> <span class='ocrx_word' id='word_1_20' title='bbox 1015 582 1121 640; x_wconf 88' lang='lat' dir='ltr'>totam</span> <span class='ocrx_word' id='word_1_21' title='bbox 1134 574 1254 641; x_wconf 81' lang='lat' dir='ltr'><strong>Asiam</strong></span> 
     </span>
     <span class='ocr_line' id='line_1_4' title="bbox 140 678 1253 763; baseline 0 -20"><span class='ocrx_word' id='word_1_22' title='bbox 140 679 336 758; x_wconf 86' lang='lat' dir='ltr'>Minorem,</span> <span class='ocrx_word' id='word_1_23' title='bbox 370 679 466 763; x_wconf 89' lang='lat' dir='ltr'>cujus</span> <span class='ocrx_word' id='word_1_24' title='bbox 492 680 603 762; x_wconf 88' lang='lat' dir='ltr'>potior</span> <span class='ocrx_word' id='word_1_25' title='bbox 625 698 703 763; x_wconf 90' lang='lat' dir='ltr'>pars</span> <span class='ocrx_word' id='word_1_26' title='bbox 726 680 770 743; x_wconf 91' lang='lat' dir='ltr'>ab</span> <span class='ocrx_word' id='word_1_27' title='bbox 800 678 950 743; x_wconf 83' lang='lat' dir='ltr'>Antonio</span> <span class='ocrx_word' id='word_1_28' title='bbox 973 683 1123 755; x_wconf 86' lang='lat' dir='ltr'>steterat,</span> <span class='ocrx_word' id='word_1_29' title='bbox 1144 698 1253 743; x_wconf 83' lang='lat' dir='ltr'>rerum</span> 
     </span>
     <span class='ocr_line' id='line_1_5' title="bbox 140 778 1253 863; baseline 0 -20"><span class='ocrx_word' id='word_1_30' title='bbox 140 779 413 843; x_wconf 87' lang='lat' dir='ltr'>ordinandarum</span> <span class='ocrx_word' id='word_1_31' title='bbox 427 780 694 863; x_wconf 75' lang='lat' dir='ltr'>populorumque</span> <span class='ocrx_word' id='word_1_32' title='bbox 709 779 744 843; x_wconf 91' lang='lat' dir='ltr'>in</span> <span class='ocrx_word' id='word_1_33' title='bbox 761 778 959 845; x_wconf 87' lang='lat' dir='ltr'>deditionem</span> <span class='ocrx_word' id='word_1_34' title='bbox 981 778 1253 861; x_wconf 89' lang='lat' dir='ltr'>accipiendorum</span> 
     </span>
     <span class='ocr_line' id='line_1_6' title="bbox 139 880 1253 964; baseline -0.002 -19"><span class='ocrx_word' id='word_1_35' title='bbox 139 886 271 957; x_wconf 81' lang='lat' dir='ltr'>causa,</span> <span class='ocrx_word' id='word_1_36' title='bbox 296 882 508 963; x_wconf 82' lang='lat' dir='ltr'>percurrisse,</span> <span class='ocrx_word' id='word_1_37' title='bbox 546 882 650 964; x_wconf 89' lang='lat' dir='ltr'>(quod</span> <span class='ocrx_word' id='word_1_38' title='bbox 681 883 784 945; x_wconf 88' lang='lat' dir='ltr'>etiam</span> <span class='ocrx_word' id='word_1_39' title='bbox 812 885 911 945; x_wconf 83' lang='lat' dir='ltr'>sexta</span> <span class='ocrx_word' id='word_1_40' title='bbox 939 880 1058 961; x_wconf 88' lang='lat' dir='ltr'>Elegia</span> <span class='ocrx_word' id='word_1_41' title='bbox 1086 880 1253 962; x_wconf 83' lang='lat' dir='ltr'>Propertii</span> 
     </span>
     <span class='ocr_line' id='line_1_7' title="bbox 138 977 1277 1065; baseline -0.005 -21"><span class='ocrx_word' id='word_1_42' title='bbox 138 979 206 1045; x_wconf 88' lang='lat' dir='ltr'>lib.</span> <span class='ocrx_word' id='word_1_43' title='bbox 226 997 253 1045; x_wconf 94' lang='grc' dir='ltr'><strong>ι.</strong></span> <span class='ocrx_word' id='word_1_44' title='bbox 266 980 320 1045; x_wconf 83' lang='grc'><strong>31.</strong></span> <span class='ocrx_word' id='word_1_45' title='bbox 335 1000 409 1064; x_wconf 88' lang='lat' dir='ltr'>sqq.</span> <span class='ocrx_word' id='word_1_46' title='bbox 431 977 564 1065; x_wconf 70' lang='lat' dir='ltr'>innuit)</span> <span class='ocrx_word' id='word_1_47' title='bbox 576 1001 615 1047; x_wconf 87' lang='lat' dir='ltr'>ae</span> <span class='ocrx_word' id='word_1_48' title='bbox 630 982 749 1047; x_wconf 86' lang='lat' dir='ltr'>deinde</span> <span class='ocrx_word' id='word_1_49' title='bbox 766 999 901 1064; x_wconf 87' lang='lat' dir='ltr'>quoque</span> <span class='ocrx_word' id='word_1_50' title='bbox 916 980 1076 1063; x_wconf 81' lang='lat' dir='ltr'>Cyzicum</span> <span class='ocrx_word' id='word_1_51' title='bbox 1090 980 1253 1045; x_wconf 74' lang='lat' dir='ltr'>accessis-</span> <span class='ocrx_word' id='word_1_52' title='bbox 1275 1029 1277 1038; x_wconf 56' lang='grc'><strong>.</strong></span> 
     </span>
     <span class='ocr_line' id='line_1_8' title="bbox 139 1081 1252 1169; baseline 0 -22"><span class='ocrx_word' id='word_1_53' title='bbox 139 1100 196 1160; x_wconf 86' lang='lat' dir='ltr'>se,</span> <span class='ocrx_word' id='word_1_54' title='bbox 213 1082 304 1147; x_wconf 90' lang='lat' dir='ltr'>unde</span> <span class='ocrx_word' id='word_1_55' title='bbox 319 1081 522 1163; x_wconf 81' lang='lat' dir='ltr'>gladiatores</span> <span class='ocrx_word' id='word_1_56' title='bbox 537 1085 593 1150; x_wconf 88' lang='lat' dir='ltr'>isti</span> <span class='ocrx_word' id='word_1_57' title='bbox 608 1085 872 1169; x_wconf 79' lang='lat' dir='ltr'>¹emigraveraut3</span> <span class='ocrx_word' id='word_1_58' title='bbox 893 1087 931 1147; x_wconf 91' lang='lat' dir='ltr'>ut</span> <span class='ocrx_word' id='word_1_59' title='bbox 945 1082 1031 1147; x_wconf 88' lang='lat' dir='ltr'>adeo</span> <span class='ocrx_word' id='word_1_60' title='bbox 1044 1082 1252 1147; x_wconf 81' lang='lat' dir='ltr'>manifestum</span> 
     </span>
     <span class='ocr_line' id='line_1_9' title="bbox 140 1181 1252 1268; baseline 0.001 -22"><span class='ocrx_word' id='word_1_61' title='bbox 140 1184 207 1261; x_wconf 87' lang='lat' dir='ltr'>sit,</span> <span class='ocrx_word' id='word_1_62' title='bbox 236 1183 324 1248; x_wconf 88' lang='lat' dir='ltr'>banc</span> <span class='ocrx_word' id='word_1_63' title='bbox 338 1184 454 1247; x_wconf 90' lang='lat' dir='ltr'>urbem</span> <span class='ocrx_word' id='word_1_64' title='bbox 475 1182 508 1247; x_wconf 91' lang='lat' dir='ltr'>iu</span> <span class='ocrx_word' id='word_1_65' title='bbox 530 1190 698 1268; x_wconf 79' lang='lat' dir='ltr'>potestate</span> <span class='ocrx_word' id='word_1_66' title='bbox 721 1204 764 1247; x_wconf 82' lang='lat' dir='ltr'>ac</span> <span class='ocrx_word' id='word_1_67' title='bbox 778 1182 844 1247; x_wconf 88' lang='lat' dir='ltr'>fide</span> <span class='ocrx_word' id='word_1_68' title='bbox 863 1181 1000 1247; x_wconf 87' lang='lat' dir='ltr'>Antonii</span> <span class='ocrx_word' id='word_1_69' title='bbox 1020 1182 1136 1247; x_wconf 85' lang='lat' dir='ltr'>fuisse.</span> <span class='ocrx_word' id='word_1_70' title='bbox 1181 1182 1252 1249; x_wconf 77' lang='lat' dir='ltr'>Au·</span> 
     </span>
     <span class='ocr_line' id='line_1_10' title="bbox 139 1284 1250 1370; baseline 0 -21"><span class='ocrx_word' id='word_1_71' title='bbox 139 1288 270 1365; x_wconf 79' lang='lat' dir='ltr'>gustus</span> <span class='ocrx_word' id='word_1_72' title='bbox 286 1292 376 1349; x_wconf 87' lang='lat' dir='ltr'>certe</span> <span class='ocrx_word' id='word_1_73' title='bbox 391 1288 608 1367; x_wconf 82' lang='lat' dir='ltr'>sequentibus</span> <span class='ocrx_word' id='word_1_74' title='bbox 630 1286 840 1370; x_wconf 88' lang='lat' dir='ltr'>temporibus</span> <span class='ocrx_word' id='word_1_75' title='bbox 859 1286 959 1349; x_wconf 79' lang='lat' dir='ltr'>simili</span> <span class='ocrx_word' id='word_1_76' title='bbox 981 1302 1078 1349; x_wconf 85' lang='lat' dir='ltr'>cursu</span> <span class='ocrx_word' id='word_1_77' title='bbox 1100 1284 1250 1349; x_wconf 83' lang='lat' dir='ltr'>itinerum</span> 
     </span>
     <span class='ocr_line' id='line_1_11' title="bbox 140 1377 1251 1471; baseline 0.001 -22"><span class='ocrx_word' id='word_1_78' title='bbox 140 1404 238 1449; x_wconf 88' lang='lat' dir='ltr'>usus</span> <span class='ocrx_word' id='word_1_79' title='bbox 262 1392 324 1462; x_wconf 86' lang='lat' dir='ltr'>est,</span> <span class='ocrx_word' id='word_1_80' title='bbox 346 1384 431 1471; x_wconf 90' lang='lat' dir='ltr'>(vid.</span> <span class='ocrx_word' id='word_1_81' title='bbox 459 1386 570 1470; x_wconf 77' lang='lat' dir='ltr'>Hegn.</span> <span class='ocrx_word' id='word_1_82' title='bbox 594 1377 706 1452; x_wconf 83' lang='lat' dir='ltr'>Vitam</span> <span class='ocrx_word' id='word_1_83' title='bbox 730 1384 869 1468; x_wconf 84' lang='lat' dir='ltr'>Virgil.)</span> <span class='ocrx_word' id='word_1_84' title='bbox 888 1405 957 1468; x_wconf 90' lang='lat' dir='ltr'>quo</span> <span class='ocrx_word' id='word_1_85' title='bbox 979 1390 1126 1467; x_wconf 84' lang='lat' dir='ltr'>tempore</span> <span class='ocrx_word' id='word_1_86' title='bbox 1147 1385 1251 1450; x_wconf 90' lang='lat' dir='ltr'>etiam</span> 
     </span>
     <span class='ocr_line' id='line_1_12' title="bbox 141 1484 1250 1570; baseline 0.002 -21"><span class='ocrx_word' id='word_1_87' title='bbox 141 1484 333 1569; x_wconf 80' lang='lat' dir='ltr'>Cyzicenis</span> <span class='ocrx_word' id='word_1_88' title='bbox 348 1487 536 1551; x_wconf 84' lang='lat' dir='ltr'>libertatem</span> <span class='ocrx_word' id='word_1_89' title='bbox 551 1486 693 1552; x_wconf 79' lang='lat' dir='ltr'>ademit:</span> <span class='ocrx_word' id='word_1_90' title='bbox 716 1487 807 1570; x_wconf 89' lang='lat' dir='ltr'>qood</span> <span class='ocrx_word' id='word_1_91' title='bbox 823 1506 900 1551; x_wconf 91' lang='lat' dir='ltr'>cum</span> <span class='ocrx_word' id='word_1_92' title='bbox 914 1487 1038 1551; x_wconf 82' lang='lat' dir='ltr'>iactum</span> <span class='ocrx_word' id='word_1_93' title='bbox 1060 1489 1105 1550; x_wconf 89' lang='lat' dir='ltr'>sit</span> <span class='ocrx_word' id='word_1_94' title='bbox 1118 1486 1250 1551; x_wconf 88' lang='lat' dir='ltr'>demum</span> 
     </span>
     <span class='ocr_line' id='line_1_13' title="bbox 139 1586 1251 1670; baseline -0.002 -17"><span class='ocrx_word' id='word_1_95' title='bbox 139 1587 191 1653; x_wconf 85' lang='lat' dir='ltr'>A.</span> <span class='ocrx_word' id='word_1_96' title='bbox 210 1587 257 1651; x_wconf 89' lang='lat' dir='ltr'>U.</span> <span class='ocrx_word' id='word_1_97' title='bbox 274 1590 348 1653; x_wconf 81' lang='grc'><strong>731.</strong></span> <span class='ocrx_word' id='word_1_98' title='bbox 372 1588 421 1651; x_wconf 89' lang='grc' dir='ltr'><strong>Μ.</strong></span> <span class='ocrx_word' id='word_1_99' title='bbox 435 1587 580 1670; x_wconf 87' lang='lat' dir='ltr'>Apuleio</span> <span class='ocrx_word' id='word_1_100' title='bbox 601 1594 638 1651; x_wconf 87' lang='lat' dir='ltr'>et</span> <span class='ocrx_word' id='word_1_101' title='bbox 660 1587 699 1650; x_wconf 89' lang='lat' dir='ltr'>P.</span> <span class='ocrx_word' id='word_1_102' title='bbox 713 1588 798 1651; x_wconf 90' lang='lat' dir='ltr'>Silio</span> <span class='ocrx_word' id='word_1_103' title='bbox 821 1586 935 1651; x_wconf 87' lang='lat' dir='ltr'>Nerva</span> <span class='ocrx_word' id='word_1_104' title='bbox 957 1586 1054 1650; x_wconf 87' lang='lat' dir='ltr'>Coss.</span> <span class='ocrx_word' id='word_1_105' title='bbox 1071 1586 1251 1669; x_wconf 87' lang='lat' dir='ltr'>eademque</span> 
     </span>
     <span class='ocr_line' id='line_1_14' title="bbox 138 1686 1250 1765; baseline 0 -14"><span class='ocrx_word' id='word_1_106' title='bbox 138 1689 291 1753; x_wconf 80' lang='lat' dir='ltr'>libertas</span> <span class='ocrx_word' id='word_1_107' title='bbox 313 1688 463 1753; x_wconf 89' lang='lat' dir='ltr'>restituta</span> <span class='ocrx_word' id='word_1_108' title='bbox 487 1687 605 1752; x_wconf 90' lang='lat' dir='ltr'>iisdem</span> <span class='ocrx_word' id='word_1_109' title='bbox 631 1686 672 1751; x_wconf 88' lang='lat' dir='ltr'>A.</span> <span class='ocrx_word' id='word_1_110' title='bbox 697 1687 740 1751; x_wconf 92' lang='lat' dir='ltr'>U.</span> <span class='ocrx_word' id='word_1_111' title='bbox 762 1687 838 1753; x_wconf 77' lang='grc'><strong>739.</strong></span> <span class='ocrx_word' id='word_1_112' title='bbox 876 1693 964 1751; x_wconf 84' lang='lat' dir='ltr'>teste</span> <span class='ocrx_word' id='word_1_113' title='bbox 986 1686 1104 1751; x_wconf 88' lang='lat' dir='ltr'>eodem</span> <span class='ocrx_word' id='word_1_114' title='bbox 1130 1687 1250 1765; x_wconf 87' lang='lat' dir='ltr'>Dione,</span> 
     </span>
     <span class='ocr_line' id='line_1_15' title="bbox 141 1786 1250 1871; baseline -0.003 -17"><span class='ocrx_word' id='word_1_115' title='bbox 141 1786 251 1854; x_wconf 82' lang='lat' dir='ltr'>Coss.</span> <span class='ocrx_word' id='word_1_116' title='bbox 273 1787 321 1852; x_wconf 83' lang='lat' dir='ltr'>M.</span> <span class='ocrx_word' id='word_1_117' title='bbox 338 1788 451 1853; x_wconf 88' lang='lat' dir='ltr'>Druso</span> <span class='ocrx_word' id='word_1_118' title='bbox 462 1788 590 1852; x_wconf 86' lang='lat' dir='ltr'>Libone</span> <span class='ocrx_word' id='word_1_119' title='bbox 602 1791 636 1851; x_wconf 88' lang='lat' dir='ltr'>et</span> <span class='ocrx_word' id='word_1_120' title='bbox 650 1787 689 1851; x_wconf 65' lang='grc' dir='ltr'><strong>Ι.</strong></span> <span class='ocrx_word' id='word_1_121' title='bbox 706 1786 891 1871; x_wconf 86' lang='lat' dir='ltr'>Calpurnio</span> <span class='ocrx_word' id='word_1_122' title='bbox 904 1787 1037 1864; x_wconf 86' lang='lat' dir='ltr'>Pisone,</span> <span class='ocrx_word' id='word_1_123' title='bbox 1047 1786 1250 1870; x_wconf 85' lang='lat' dir='ltr'>facilequis·</span> 
     </span>
     <span class='ocr_line' id='line_1_16' title="bbox 141 1888 1249 1973; baseline -0.001 -19"><span class='ocrx_word' id='word_1_124' title='bbox 141 1908 220 1973; x_wconf 86' lang='lat' dir='ltr'>qne</span> <span class='ocrx_word' id='word_1_125' title='bbox 236 1888 329 1954; x_wconf 84' lang='lat' dir='ltr'>videt</span> <span class='ocrx_word' id='word_1_126' title='bbox 343 1889 587 1954; x_wconf 78' lang='lat' dir='ltr'>Broulrhusium</span> <span class='ocrx_word' id='word_1_127' title='bbox 603 1888 728 1953; x_wconf 83' lang='lat' dir='ltr'>frustra</span> <span class='ocrx_word' id='word_1_128' title='bbox 742 1889 785 1954; x_wconf 92' lang='lat' dir='ltr'>de</span> <span class='ocrx_word' id='word_1_129' title='bbox 804 1909 847 1953; x_wconf 91' lang='lat' dir='ltr'>ea</span> <span class='ocrx_word' id='word_1_130' title='bbox 867 1890 1092 1971; x_wconf 78' lang='lat' dir='ltr'>recogitasse</span> <span class='ocrx_word' id='word_1_131' title='bbox 1135 1888 1249 1953; x_wconf 73' lang='lat' dir='ltr'>Locm</span> 
     </span>
     <span class='ocr_line' id='line_1_17' title="bbox 139 1989 1247 2074; baseline 0.001 -20"><span class='ocrx_word' id='word_1_132' title='bbox 139 1991 252 2072; x_wconf 86' lang='lat' dir='ltr'>igitur.</span> <span class='ocrx_word' id='word_1_133' title='bbox 264 2007 287 2054; x_wconf 85' lang='grc'><strong>1.·</strong></span> <span class='ocrx_word' id='word_1_134' title='bbox 301 1992 333 2055; x_wconf 88' lang='grc'>6.</span> <span class='ocrx_word' id='word_1_135' title='bbox 350 1991 403 2055; x_wconf 89' lang='grc'><strong>20.</strong></span> <span class='ocrx_word' id='word_1_136' title='bbox 427 1994 437 2023; x_wconf 91' lang='lat'>‘</span> <span class='ocrx_word' id='word_1_137' title='bbox 453 1990 500 2055; x_wconf 91' lang='lat' dir='ltr'>Et</span> <span class='ocrx_word' id='word_1_138' title='bbox 511 1996 622 2055; x_wconf 87' lang='lat' dir='ltr'>vetera</span> <span class='ocrx_word' id='word_1_139' title='bbox 636 1990 753 2054; x_wconf 90' lang='lat' dir='ltr'>oblitis</span> <span class='ocrx_word' id='word_1_140' title='bbox 763 1991 844 2074; x_wconf 87' lang='lat' dir='ltr'>jura</span> <span class='ocrx_word' id='word_1_141' title='bbox 856 1989 942 2054; x_wconf 83' lang='lat' dir='ltr'>refer</span> <span class='ocrx_word' id='word_1_142' title='bbox 957 1989 1082 2066; x_wconf 88' lang='lat' dir='ltr'>sociis,&#39;</span> <span class='ocrx_word' id='word_1_143' title='bbox 1096 2009 1163 2053; x_wconf 90' lang='lat' dir='ltr'>non</span> <span class='ocrx_word' id='word_1_144' title='bbox 1174 1995 1247 2055; x_wconf 84' lang='lat' dir='ltr'>tuu-</span> 
     </span>
     <span class='ocr_line' id='line_1_18' title="bbox 140 2089 1248 2175; baseline -0.002 -18"><span class='ocrx_word' id='word_1_145' title='bbox 140 2094 221 2157; x_wconf 80' lang='lat' dir='ltr'>tum</span> <span class='ocrx_word' id='word_1_146' title='bbox 236 2092 280 2157; x_wconf 84' lang='lat' dir='ltr'>a&#39;d</span> <span class='ocrx_word' id='word_1_147' title='bbox 301 2092 490 2175; x_wconf 81' lang='lat' dir='ltr'>Cyzicenos</span> <span class='ocrx_word' id='word_1_148' title='bbox 505 2092 657 2175; x_wconf 85' lang='lat' dir='ltr'>pertinet,</span> <span class='ocrx_word' id='word_1_149' title='bbox 671 2090 733 2157; x_wconf 88' lang='lat' dir='ltr'>sed</span> <span class='ocrx_word' id='word_1_150' title='bbox 747 2091 791 2156; x_wconf 87' lang='lat' dir='ltr'>ad</span> <span class='ocrx_word' id='word_1_151' title='bbox 806 2111 924 2156; x_wconf 90' lang='lat' dir='ltr'>omues</span> <span class='ocrx_word' id='word_1_152' title='bbox 938 2089 1034 2155; x_wconf 86' lang='lat' dir='ltr'>Asiae</span> <span class='ocrx_word' id='word_1_153' title='bbox 1056 2097 1090 2155; x_wconf 88' lang='lat' dir='ltr'>et</span> <span class='ocrx_word' id='word_1_154' title='bbox 1103 2090 1248 2155; x_wconf 77' lang='lat' dir='ltr'>Graeciae</span> 
     </span>
     <span class='ocr_line' id='line_1_19' title="bbox 141 2190 1247 2277; baseline 0.001 -23"><span class='ocrx_word' id='word_1_155' title='bbox 141 2190 293 2257; x_wconf 79' lang='lat' dir='ltr'>sortasse</span> <span class='ocrx_word' id='word_1_156' title='bbox 319 2211 454 2276; x_wconf 91' lang='lat' dir='ltr'>quoque</span> <span class='ocrx_word' id='word_1_157' title='bbox 478 2190 631 2275; x_wconf 89' lang='lat' dir='ltr'>populos,</span> <span class='ocrx_word' id='word_1_158' title='bbox 655 2194 715 2277; x_wconf 93' lang='lat' dir='ltr'>qui</span> <span class='ocrx_word' id='word_1_159' title='bbox 739 2193 775 2256; x_wconf 92' lang='lat' dir='ltr'>in</span> <span class='ocrx_word' id='word_1_160' title='bbox 796 2194 954 2257; x_wconf 82' lang='lat' dir='ltr'>societate</span> <span class='ocrx_word' id='word_1_161' title='bbox 977 2191 1017 2256; x_wconf 91' lang='lat' dir='ltr'>P.</span> <span class='ocrx_word' id='word_1_162' title='bbox 1038 2190 1082 2255; x_wconf 87' lang='lat' dir='ltr'>R.</span> <span class='ocrx_word' id='word_1_163' title='bbox 1103 2190 1247 2268; x_wconf 78' lang='lat' dir='ltr'>fueraut,</span> 
     </span>
     <span class='ocr_line' id='line_1_20' title="bbox 142 2292 1245 2377; baseline 0 -20"><span class='ocrx_word' id='word_1_164' title='bbox 142 2294 340 2377; x_wconf 84' lang='lat' dir='ltr'>quibusque</span> <span class='ocrx_word' id='word_1_165' title='bbox 364 2294 423 2376; x_wconf 76' lang='lat' dir='ltr'>Jus</span> <span class='ocrx_word' id='word_1_166' title='bbox 451 2292 631 2357; x_wconf 89' lang='lat' dir='ltr'>dicendum</span> <span class='ocrx_word' id='word_1_167' title='bbox 666 2300 749 2371; x_wconf 88' lang='lat' dir='ltr'>erat,</span> <span class='ocrx_word' id='word_1_168' title='bbox 777 2293 813 2356; x_wconf 94' lang='lat' dir='ltr'>id</span> <span class='ocrx_word' id='word_1_169' title='bbox 842 2292 934 2376; x_wconf 93' lang='lat' dir='ltr'>qucd</span> <span class='ocrx_word' id='word_1_170' title='bbox 963 2294 1060 2373; x_wconf 87' lang='lat' dir='ltr'>longo</span> <span class='ocrx_word' id='word_1_171' title='bbox 1088 2296 1245 2375; x_wconf 89' lang='lat' dir='ltr'>tempore,</span> 
     </span>
     <span class='ocr_line' id='line_1_21' title="bbox 141 2393 1248 2479; baseline 0 -21"><span class='ocrx_word' id='word_1_172' title='bbox 141 2400 286 2479; x_wconf 87' lang='lat' dir='ltr'>propter</span> <span class='ocrx_word' id='word_1_173' title='bbox 308 2396 396 2460; x_wconf 84' lang='lat' dir='ltr'>bellu</span> <span class='ocrx_word' id='word_1_174' title='bbox 420 2395 548 2473; x_wconf 60' lang='lat' dir='ltr'>cirilia5</span> <span class='ocrx_word' id='word_1_175' title='bbox 567 2394 640 2460; x_wconf 89' lang='lat' dir='ltr'>fieri</span> <span class='ocrx_word' id='word_1_176' title='bbox 663 2395 859 2478; x_wconf 87' lang='lat' dir='ltr'>impeditum</span> <span class='ocrx_word' id='word_1_177' title='bbox 881 2403 917 2458; x_wconf 84' lang='lat' dir='ltr'>et</span> <span class='ocrx_word' id='word_1_178' title='bbox 936 2394 1096 2458; x_wconf 88' lang='lat' dir='ltr'>omissum</span> <span class='ocrx_word' id='word_1_179' title='bbox 1121 2393 1248 2458; x_wconf 69' lang='lat' dir='ltr'>suerat:</span> 
     </span>
     <span class='ocr_line' id='line_1_22' title="bbox 141 2494 1245 2576; baseline 0 -18"><span class='ocrx_word' id='word_1_180' title='bbox 141 2494 236 2558; x_wconf 94' lang='lat' dir='ltr'>unde</span> <span class='ocrx_word' id='word_1_181' title='bbox 259 2501 270 2529; x_wconf 88' lang='lat'>‘</span> <span class='ocrx_word' id='word_1_182' title='bbox 287 2496 403 2560; x_wconf 87' lang='lat' dir='ltr'>obliti’</span> <span class='ocrx_word' id='word_1_183' title='bbox 425 2495 585 2560; x_wconf 90' lang='lat' dir='ltr'>dicuutur.</span> <span class='ocrx_word' id='word_1_184' title='bbox 629 2495 728 2560; x_wconf 88' lang='lat' dir='ltr'>Tullo</span> <span class='ocrx_word' id='word_1_185' title='bbox 743 2514 823 2560; x_wconf 90' lang='lat' dir='ltr'>vero</span> <span class='ocrx_word' id='word_1_186' title='bbox 836 2495 902 2559; x_wconf 87' lang='lat' dir='ltr'>boe</span> <span class='ocrx_word' id='word_1_187' title='bbox 916 2495 1080 2571; x_wconf 89' lang='lat' dir='ltr'>tribuitur,</span> <span class='ocrx_word' id='word_1_188' title='bbox 1094 2494 1175 2576; x_wconf 91' lang='lat' dir='ltr'>quia</span> <span class='ocrx_word' id='word_1_189' title='bbox 1187 2513 1245 2558; x_wconf 81' lang='lat' dir='ltr'>aa·</span> 
     </span>
     <span class='ocr_line' id='line_1_23' title="bbox 142 2594 1246 2681; baseline 0 -21"><span class='ocrx_word' id='word_1_190' title='bbox 142 2597 240 2679; x_wconf 88' lang='lat' dir='ltr'>cepti</span> <span class='ocrx_word' id='word_1_191' title='bbox 255 2603 328 2676; x_wconf 84' lang='lat' dir='ltr'>erat</span> <span class='ocrx_word' id='word_1_192' title='bbox 337 2598 470 2681; x_wconf 89' lang='lat' dir='ltr'>imperii</span> <span class='ocrx_word' id='word_1_193' title='bbox 482 2616 572 2680; x_wconf 84' lang='lat' dir='ltr'>pars.</span> <span class='ocrx_word' id='word_1_194' title='bbox 616 2596 709 2660; x_wconf 87' lang='lat' dir='ltr'>Idem</span> <span class='ocrx_word' id='word_1_195' title='bbox 724 2595 845 2660; x_wconf 88' lang='lat' dir='ltr'>deiude</span> <span class='ocrx_word' id='word_1_196' title='bbox 858 2594 981 2658; x_wconf 73' lang='lat' dir='ltr'>&#39;lullus</span> <span class='ocrx_word' id='word_1_197' title='bbox 999 2594 1128 2678; x_wconf 74' lang='lat' dir='ltr'>(lyrici,</span> <span class='ocrx_word' id='word_1_198' title='bbox 1143 2614 1246 2660; x_wconf 83' lang='lat' dir='ltr'>amoe-</span> 
     </span>
     <span class='ocr_line' id='line_1_24' title="bbox 141 2695 1246 2782; baseline 0 -22"><span class='ocrx_word' id='word_1_199' title='bbox 141 2697 250 2762; x_wconf 85' lang='lat' dir='ltr'>nitate</span> <span class='ocrx_word' id='word_1_200' title='bbox 265 2697 333 2762; x_wconf 91' lang='lat' dir='ltr'>loci</span> <span class='ocrx_word' id='word_1_201' title='bbox 347 2705 478 2782; x_wconf 82' lang='lat' dir='ltr'>captus,</span> <span class='ocrx_word' id='word_1_202' title='bbox 495 2717 555 2780; x_wconf 89' lang='lat' dir='ltr'>per</span> <span class='ocrx_word' id='word_1_203' title='bbox 569 2698 697 2780; x_wconf 87' lang='lat' dir='ltr'>aliquot</span> <span class='ocrx_word' id='word_1_204' title='bbox 710 2715 816 2762; x_wconf 87' lang='lat' dir='ltr'>annos</span> <span class='ocrx_word' id='word_1_205' title='bbox 832 2697 973 2761; x_wconf 83' lang='lat' dir='ltr'>haesisse</span> <span class='ocrx_word' id='word_1_206' title='bbox 988 2695 1136 2772; x_wconf 67' lang='lat' dir='ltr'>videtum</span> <span class='ocrx_word' id='word_1_207' title='bbox 1158 2695 1246 2760; x_wconf 90' lang='lat' dir='ltr'>unde</span> 
     </span>
     <span class='ocr_line' id='line_1_25' title="bbox 142 2793 1244 2881; baseline -0.003 -21"><span class='ocrx_word' id='word_1_208' title='bbox 142 2795 344 2880; x_wconf 87' lang='lat' dir='ltr'>Propertius</span> <span class='ocrx_word' id='word_1_209' title='bbox 358 2801 470 2881; x_wconf 89' lang='lat' dir='ltr'>ipsum</span> <span class='ocrx_word' id='word_1_210' title='bbox 485 2799 603 2880; x_wconf 84' lang='lat' dir='ltr'>Elegia</span> <span class='ocrx_word' id='word_1_211' title='bbox 612 2798 667 2861; x_wconf 89' lang='grc'><strong>22.</strong></span> <span class='ocrx_word' id='word_1_212' title='bbox 688 2798 744 2862; x_wconf 92' lang='lat' dir='ltr'>lib.</span> <span class='ocrx_word' id='word_1_213' title='bbox 762 2813 818 2859; x_wconf 90' lang='grc' dir='ltr'><strong>ιιι.</strong></span> <span class='ocrx_word' id='word_1_214' title='bbox 833 2797 964 2871; x_wconf 84' lang='lat' dir='ltr'>invitat,</span> <span class='ocrx_word' id='word_1_215' title='bbox 982 2799 1019 2859; x_wconf 91' lang='lat' dir='ltr'>ut</span> <span class='ocrx_word' id='word_1_216' title='bbox 1033 2793 1178 2858; x_wconf 84' lang='lat' dir='ltr'>Romam</span> <span class='ocrx_word' id='word_1_217' title='bbox 1192 2812 1244 2858; x_wconf 91' lang='lat' dir='ltr'>re-</span> 
     </span>
     <span class='ocr_line' id='line_1_26' title="bbox 142 2893 1114 2980; baseline -0.006 -18"><span class='ocrx_word' id='word_1_218' title='bbox 142 2902 305 2973; x_wconf 86' lang='lat' dir='ltr'>vertatur,</span> <span class='ocrx_word' id='word_1_219' title='bbox 317 2899 430 2980; x_wconf 86' lang='lat' dir='ltr'>ibique</span> <span class='ocrx_word' id='word_1_220' title='bbox 443 2898 584 2962; x_wconf 90' lang='lat' dir='ltr'>bonores</span> <span class='ocrx_word' id='word_1_221' title='bbox 598 2902 779 2960; x_wconf 86' lang='lat' dir='ltr'>consuetos</span> <span class='ocrx_word' id='word_1_222' title='bbox 795 2896 957 2978; x_wconf 86' lang='lat' dir='ltr'>consequi</span> <span class='ocrx_word' id='word_1_223' title='bbox 972 2893 1114 2959; x_wconf 88' lang='lat' dir='ltr'>studeat.</span> 
     </span>
    </p>

    <p class='ocr_par' dir='ltr' id='par_1_3' title="bbox 141 2994 1262 3279">
     <span class='ocr_line' id='line_1_27' title="bbox 190 2994 1242 3080; baseline -0.002 -18"><span class='ocrx_word' id='word_1_224' title='bbox 190 2995 292 3062; x_wconf 79' lang='lat' dir='ltr'>Circa</span> <span class='ocrx_word' id='word_1_225' title='bbox 305 2998 369 3063; x_wconf 92' lang='lat' dir='ltr'>hoc</span> <span class='ocrx_word' id='word_1_226' title='bbox 393 3005 524 3080; x_wconf 86' lang='lat' dir='ltr'>tempus</span> <span class='ocrx_word' id='word_1_227' title='bbox 540 2997 731 3080; x_wconf 87' lang='lat' dir='ltr'>Propertius</span> <span class='ocrx_word' id='word_1_228' title='bbox 753 2997 899 3060; x_wconf 89' lang='lat' dir='ltr'>nondum</span> <span class='ocrx_word' id='word_1_229' title='bbox 913 2996 1099 3059; x_wconf 84' lang='lat' dir='ltr'>innotuerat</span> <span class='ocrx_word' id='word_1_230' title='bbox 1117 2994 1242 3061; x_wconf 85' lang='lat' dir='ltr'>Maece·</span> 
     </span>
     <span class='ocr_line' id='line_1_28' title="bbox 141 3093 1262 3183; baseline -0.002 -21"><span class='ocrx_word' id='word_1_231' title='bbox 141 3099 228 3176; x_wconf 84' lang='lat' dir='ltr'>neti,</span> <span class='ocrx_word' id='word_1_232' title='bbox 244 3099 368 3183; x_wconf 88' lang='lat' dir='ltr'>quippe</span> <span class='ocrx_word' id='word_1_233' title='bbox 383 3097 483 3162; x_wconf 86' lang='lat' dir='ltr'>Tullo</span> <span class='ocrx_word' id='word_1_234' title='bbox 497 3106 636 3181; x_wconf 88' lang='lat' dir='ltr'>patrono</span> <span class='ocrx_word' id='word_1_235' title='bbox 658 3115 742 3160; x_wconf 87' lang='lat' dir='ltr'>usus</span> <span class='ocrx_word' id='word_1_236' title='bbox 764 3097 878 3175; x_wconf 87' lang='lat' dir='ltr'>uniee;</span> <span class='ocrx_word' id='word_1_237' title='bbox 900 3095 987 3160; x_wconf 91' lang='lat' dir='ltr'>unde</span> <span class='ocrx_word' id='word_1_238' title='bbox 1006 3095 1102 3159; x_wconf 88' lang='lat' dir='ltr'>nulla</span> <span class='ocrx_word' id='word_1_239' title='bbox 1116 3093 1262 3162; x_wconf 69' lang='lat' dir='ltr'>Maece.</span> 
     </span>
     <span class='ocr_line' id='line_1_29' title="bbox 141 3195 986 3279; baseline -0.004 -17"><span class='ocrx_word' id='word_1_240' title='bbox 141 3199 233 3265; x_wconf 85' lang='lat' dir='ltr'>natis</span> <span class='ocrx_word' id='word_1_241' title='bbox 246 3205 318 3264; x_wconf 89' lang='lat' dir='ltr'>toto</span> <span class='ocrx_word' id='word_1_242' title='bbox 332 3198 391 3262; x_wconf 90' lang='lat' dir='ltr'>llb.</span> <span class='ocrx_word' id='word_1_243' title='bbox 409 3215 432 3260; x_wconf 92' lang='lat' dir='ltr'>r.</span> <span class='ocrx_word' id='word_1_244' title='bbox 447 3197 580 3274; x_wconf 87' lang='lat' dir='ltr'>mentio,</span> <span class='ocrx_word' id='word_1_245' title='bbox 595 3215 702 3278; x_wconf 90' lang='lat' dir='ltr'>nequa</span> <span class='ocrx_word' id='word_1_246' title='bbox 717 3199 819 3262; x_wconf 88' lang='lat' dir='ltr'>etiam</span> <span class='ocrx_word' id='word_1_247' title='bbox 832 3195 986 3279; x_wconf 86' lang='lat' dir='ltr'>Augusti.</span> 
     </span>
    </p>
   </div>
   <div class='ocr_carea' id='block_1_3' title="bbox 490 3427 896 3572">
    <p class='ocr_par' dir='ltr' id='par_1_4' title="bbox 490 3427 896 3572">
     <span class='ocr_line' id='line_1_30' title="bbox 490 3427 896 3492; baseline 0.002 -15"><span class='ocrx_word' id='word_1_248' title='bbox 490 3428 524 3477; x_wconf 81' lang='grc' dir='ltr'><strong>Α.</strong></span> <span class='ocrx_word' id='word_1_249' title='bbox 536 3427 568 3478; x_wconf 86' lang='grc'><strong>11.</strong></span> <span class='ocrx_word' id='word_1_250' title='bbox 579 3427 609 3479; x_wconf 85' lang='lat' dir='ltr'>C.</span> <span class='ocrx_word' id='word_1_251' title='bbox 621 3432 679 3479; x_wconf 62' lang='lat' dir='ltr'>teta</span> <span class='ocrx_word' id='word_1_252' title='bbox 711 3429 844 3492; x_wconf 85' lang='lat' dir='ltr'>Propertii</span> <span class='ocrx_word' id='word_1_253' title='bbox 854 3431 896 3478; x_wconf 75' lang='lat'>²4.</span> 
     </span>
     <span class='ocr_line' id='line_1_31' title="bbox 506 3507 880 3572; baseline 0.005 -15"><span class='ocrx_word' id='word_1_254' title='bbox 506 3507 595 3557; x_wconf 79' lang='lat' dir='ltr'>Gaesar</span> <span class='ocrx_word' id='word_1_255' title='bbox 606 3509 639 3558; x_wconf 91' lang='lat' dir='ltr'>V.</span> <span class='ocrx_word' id='word_1_256' title='bbox 671 3508 880 3572; x_wconf 62' lang='lat' dir='ltr'>Sea-Apuleius.</span> 
     </span>
    </p>
   </div>
   <div class='ocr_carea' id='block_1_4' title="bbox 144 3619 1239 4004">
    <p class='ocr_par' dir='ltr' id='par_1_5' title="bbox 144 3619 1239 4004">
     <span class='ocr_line' id='line_1_32' title="bbox 186 3619 1239 3706; baseline 0.001 -21"><span class='ocrx_word' id='word_1_257' title='bbox 186 3620 269 3685; x_wconf 83' lang='lat' dir='ltr'>Tres</span> <span class='ocrx_word' id='word_1_258' title='bbox 299 3619 445 3684; x_wconf 75' lang='lat' dir='ltr'>Caesaris</span> <span class='ocrx_word' id='word_1_259' title='bbox 466 3619 641 3702; x_wconf 86' lang='lat' dir='ltr'>triumphi:</span> <span class='ocrx_word' id='word_1_260' title='bbox 664 3621 830 3706; x_wconf 79' lang='lat' dir='ltr'>Illyricas,</span> <span class='ocrx_word' id='word_1_261' title='bbox 854 3619 1029 3698; x_wconf 87' lang='lat' dir='ltr'>Actiacus,</span> <span class='ocrx_word' id='word_1_262' title='bbox 1051 3622 1239 3704; x_wconf 84' lang='lat' dir='ltr'>AEgyptius.</span> 
     </span>
     <span class='ocr_line' id='line_1_33' title="bbox 145 3719 1239 3805; baseline -0.002 -19"><span class='ocrx_word' id='word_1_263' title='bbox 145 3722 187 3786; x_wconf 93' lang='lat' dir='ltr'>lu</span> <span class='ocrx_word' id='word_1_264' title='bbox 201 3722 290 3785; x_wconf 90' lang='lat' dir='ltr'>hunc</span> <span class='ocrx_word' id='word_1_265' title='bbox 306 3739 429 3784; x_wconf 90' lang='lat' dir='ltr'>annum</span> <span class='ocrx_word' id='word_1_266' title='bbox 442 3719 555 3784; x_wconf 78' lang='lat' dir='ltr'>referri</span> <span class='ocrx_word' id='word_1_267' title='bbox 569 3721 670 3784; x_wconf 89' lang='lat' dir='ltr'>debet</span> <span class='ocrx_word' id='word_1_268' title='bbox 684 3723 822 3804; x_wconf 82' lang='lat' dir='ltr'>scriptio</span> <span class='ocrx_word' id='word_1_269' title='bbox 837 3723 928 3804; x_wconf 86' lang='lat' dir='ltr'>Eleg.</span> <span class='ocrx_word' id='word_1_270' title='bbox 946 3724 978 3786; x_wconf 81' lang='lat'>3.</span> <span class='ocrx_word' id='word_1_271' title='bbox 993 3725 1050 3786; x_wconf 88' lang='lat' dir='ltr'>lib.</span> <span class='ocrx_word' id='word_1_272' title='bbox 1065 3739 1121 3786; x_wconf 89' lang='grc' dir='ltr'><strong>ιιι.</strong></span> <span class='ocrx_word' id='word_1_273' title='bbox 1137 3741 1239 3805; x_wconf 88' lang='lat' dir='ltr'>prop·</span> 
     </span>
     <span class='ocr_line' id='line_1_34' title="bbox 144 3819 1237 3906; baseline -0.001 -20"><span class='ocrx_word' id='word_1_274' title='bbox 144 3829 260 3886; x_wconf 83' lang='lat' dir='ltr'>terre.</span> <span class='ocrx_word' id='word_1_275' title='bbox 276 3821 416 3886; x_wconf 78' lang='grc'><strong>43-16.</strong></span> <span class='ocrx_word' id='word_1_276' title='bbox 438 3823 486 3904; x_wconf 89' lang='lat' dir='ltr'>[et</span> <span class='ocrx_word' id='word_1_277' title='bbox 509 3819 561 3884; x_wconf 95' lang='grc' dir='ltr'><strong>Ε1.</strong></span> <span class='ocrx_word' id='word_1_278' title='bbox 588 3837 626 3883; x_wconf 94' lang='grc' dir='ltr'><strong>ιι.</strong></span> <span class='ocrx_word' id='word_1_279' title='bbox 651 3821 703 3885; x_wconf 83' lang='grc'><strong>15.</strong></span> <span class='ocrx_word' id='word_1_280' title='bbox 720 3824 797 3888; x_wconf 90' lang='lat' dir='ltr'>coll.</span> <span class='ocrx_word' id='word_1_281' title='bbox 826 3843 877 3888; x_wconf 77' lang='lat' dir='ltr'>rs.</span> <span class='ocrx_word' id='word_1_282' title='bbox 900 3823 970 3903; x_wconf 66' lang='lat'>44]</span> <span class='ocrx_word' id='word_1_283' title='bbox 1012 3823 1109 3888; x_wconf 79' lang='lat' dir='ltr'>Cous.</span> <span class='ocrx_word' id='word_1_284' title='bbox 1124 3822 1237 3906; x_wconf 82' lang='lat' dir='ltr'>Heyn.</span> 
     </span>
     <span class='ocr_line' id='line_1_35' title="bbox 145 3920 952 4004; baseline -0.009 -17"><span class='ocrx_word' id='word_1_285' title='bbox 145 3920 229 3987; x_wconf 88' lang='lat' dir='ltr'>Obs.</span> <span class='ocrx_word' id='word_1_286' title='bbox 251 3921 294 3986; x_wconf 89' lang='lat' dir='ltr'>ad</span> <span class='ocrx_word' id='word_1_287' title='bbox 314 3920 407 4004; x_wconf 90' lang='lat' dir='ltr'>Virg.</span> <span class='ocrx_word' id='word_1_288' title='bbox 424 3921 501 3985; x_wconf 88' lang='lat' dir='ltr'>AEn.</span> <span class='ocrx_word' id='word_1_289' title='bbox 520 3937 599 3984; x_wconf 81' lang='lat' dir='ltr'>rur.</span> <span class='ocrx_word' id='word_1_290' title='bbox 614 3921 687 3988; x_wconf 83' lang='grc'><strong>726.</strong></span> <span class='ocrx_word' id='word_1_291' title='bbox 789 3977 793 3981; x_wconf 77' lang='grc'><strong><em>,</em></strong></span> <span class='ocrx_word' id='word_1_292' title='bbox 945 3953 952 3964; x_wconf 89' lang='lat'><strong>·</strong></span> 
     </span>
    </p>
   </div>
   <div class='ocr_carea' id='block_1_5' title="bbox 0 0 1522 4775">
    <p class='ocr_par' dir='ltr' id='par_1_6' title="bbox 0 0 1522 4775">
     <span class='ocr_line' id='line_1_36' title="bbox 0 0 1522 4775; baseline 0 0"><span class='ocrx_word' id='word_1_293' title='bbox 0 0 1522 4775; x_wconf 95' lang='lat' dir='ltr'> </span> 
     </span>
    </p>
   </div>
  </div>
 </body>
</html>
