3034 4775
557 300 605 353 un
631 302 853 351 rnorunrro.
1210 285 1255 351 bo

133 446 198 509 tis
216 444 334 523 literis,
355 444 537 509 uocitatum
562 444 730 526 nominum
752 444 890 509 etidem
905 442 1008 527 paulo
1022 459 1127 525 supra
1139 432 1258 509 Assim

135 546 356 611 scandentes
374 564 470 613 arces
484 544 647 629 appellat,
671 564 748 611 cum
762 547 866 623 cauit,

195 646 410 723 Sceudeutes
425 648 454 711 si
470 648 548 729 quis
563 650 675 711 cernet
688 645 731 711 de
746 645 892 711 uallibus
910 663 1021 723 orces,

240 747 381 833 Ingenio
393 766 506 812 muros
520 746 663 811 aestimet
677 746 734 811 ille
747 764 833 811 meo.

137 850 234 917 Nisi
258 850 288 913 si
311 850 389 933 quis
413 848 649 914 audaciuscule
670 867 711 912 eo
740 866 838 913 versu
861 846 1055 911 scandentem
1077 845 1184 914 Aerem
1210 851 1258 915 le·

137 950 410 1037 gerameluerit,
452 949 695 1017 Callimachum
709 950 872 1035 inprimis,
893 948 1032 1034 potitam
1046 949 1257 1035 Cyrenarum,

138 1060 186 1119 et
203 1050 310 1117 Coum
327 1052 492 1117 Philotam
505 1052 638 1118 dicendi
664 1052 771 1117 forma
790 1052 938 1119 imitatus
953 1057 1017 1117 est.
1062 1050 1155 1131 Quin
1169 1060 1205 1117 et
1218 1046 1269 1136 ses

141 1156 232 1238 ipse
252 1154 380 1219 alicubi
400 1152 591 1237 Romanum
604 1153 849 1220 callimachum
863 1155 1030 1240 appellat:
1053 1161 1093 1219 ut
1116 1162 1153 1219 et
1179 1153 1259 1219 Vir·

140 1254 270 1337 gilium
297 1254 519 1341 Mantuanum
545 1254 727 1321 Homerum
753 1254 907 1321 dicimus.
951 1253 1107 1335 Quatuor
1126 1255 1266 1339 Elegin·.
1314 1313 1316 1316 .

142 1372 228 1421 rum
241 1356 357 1435 libros,
380 1357 490 1422 cultos
505 1360 539 1421 et
553 1356 708 1435 eruditos,
725 1355 869 1439 reliquit.
890 1406 893 1411 -
912 1379 918 1389 ¹
971 1396 976 1413 ι

365 1560 479 1625 Julius
494 1558 613 1641 Qaesar
628 1560 789 1646 Scaliger,
805 1521 937 1631 Public.
953 1577 1004 1625 vr.
1018 1559 1051 1624 7.

201 1691 538 1789 Propertiussucilis,
562 1686 736 1771 candidus,
760 1712 839 1759 uere
859 1692 1047 1776 elegiacos:
1070 1692 1186 1757 tersior
1210 1698 1261 1758 ta·

147 1813 245 1874 men,
268 1814 368 1878 quum
385 1794 598 1859 existimatus
613 1803 666 1860 cst
679 1814 701 1859 a
712 1793 861 1863 (luiticis.
905 1794 998 1859 Nam
1014 1801 1048 1858 et
1061 1799 1263 1877 ematque»

151 1896 234 1991 dam
251 1916 329 1979 quur
342 1896 475 1961 minime
489 1904 568 1961 sunt
586 1898 750 1980 vulgaria,
772 1904 806 1963 et
820 1896 1020 1981 quibusdam
1032 1895 1120 1961 locis
1134 1912 1261 1978 pauco-

148 2016 229 2063 rum
239 1998 408 2082 judicium
424 2006 561 2097 secutus
576 1999 715 2065 uidetur.

344 2136 545 2249 ¹Hadrianus
557 2168 747 2251 Turnebus,
769 2169 913 2237 Advers.
936 2186 1019 2249 vrrr.
1034 2167 1066 2234 2.

200 2300 451 2398 Lepidissimus
467 2306 501 2367 et
515 2301 738 2386 nitidissimus
753 2303 857 2388 poete
870 2302 1077 2384 Propertius.

512 2547 516 2552 -
588 2501 686 2570 Idem
714 2521 754 2569 rr.
772 2507 825 2571 15.

201 2637 313 2722 Teuta
347 2658 503 2705 versuum
532 2638 701 2724 Propertii
720 2639 916 2726 jucunditas
942 2645 978 2702 et
1001 2637 1179 2703 amoenitas
1198 2643 1260 2714 est,

152 2746 194 2804 ut
208 2759 266 2802 eos
281 2741 488 2804 dictantibus
504 2737 632 2828 Gratiis
648 2762 671 2806 a
686 2740 799 2806 Po'etn
821 2747 984 2822 exceptos
1010 2757 1165 2802 censeas:
1188 2745 1262 2802 tun-

156 2847 232 2904 tum
247 2847 397 2923 optarem
412 2840 455 2904 ad
471 2841 573 2906 aliam
587 2843 717 2924 potius,
735 2862 840 2927 ¹quam
859 2831 1056 2904 amatorium
1074 2841 1260 2918 materiam,

155 2941 296 3006 beatum
311 2941 401 3004 illam
416 2946 451 3005 et
466 2941 646 3016 candidam
661 2933 787 3025 ingenii
804 2961 925 3006 venam
943 2940 1155 3006 contulisset.

202 3141 352 3208 Joauues
368 3112 502 3206 Pierius
524 3125 928 3222 Valerianus,'Sermoue
951 3141 996 3206 'de
1021 3140 1219 3208 Studiorum

599 3243 814 3311 Conditione.

143 3402 155 3418 ⁸
247 3377 439 3456 Sermones,
461 3378 590 3457 aithic,
612 3380 723 3446 Vates
737 3381 924 3460 Venusina,
946 3383 1057 3447 securi

247 3479 344 3559 coedi
359 3499 464 3564 posse
480 3487 567 3559 tuos,
583 3501 717 3548 crassos
732 3488 884 3562 accusat,
906 3487 941 3547 et
954 3483 1033 3548 odit.

249 3579 313 3644 Est
327 3581 382 3645 cui
398 3581 443 3646 sit
457 3579 550 3644 docti
564 3581 701 3666 libertus
716 3583 800 3648 dura
814 3584 954 3649 Catulli:

249 3682 393 3764 Virgilio
406 3685 575 3764 ingenium
590 3684 786 3767 quidemst,
808 3689 947 3768 propter
961 3685 1166 3750 Homerum:
1259 3768 1263 3774 ι

249 3783 319 3864 Qui
335 3785 398 3849 tibi
414 3784 588 3848 mollitiem
602 3786 685 3849 vitio
700 3787 790 3863 dent,
814 3793 905 3856 terse
920 3786 1076 3851 Tibulle:
1148 3787 1260 3868 [perd

249 3883 300 3950 Te
316 3904 451 3968 quoque
467 3884 719 3968 grandiloquum
735 3894 836 3970 atque
854 3889 984 3969 elegum
1003 3886 1261 3971 supraire,Pro·

171 4026 174 4038 ·
251 3985 567 4069 dissideant-potius,
591 4005 694 4069 quem
706 3987 877 4066 damnent,
899 3989 1024 4070 optime
1034 3993 1141 4071 ,vetes
