3034 4775
235 312 276 373 ld
680 326 884 375 annuncio.

235 477 378 549 curerat,
400 490 477 555 quse
504 468 713 552 Vlamingius
738 429 890 553 repetitae
914 470 1116 536 Brouklrusii
1143 473 1331 540 recensioni

171 644 177 651 ,
235 572 367 665 adjecit.
412 572 480 636 Sed
493 572 684 635 liberaliore
698 590 930 637 mannomnes
945 572 1046 657 bajus
1060 571 1169 640 libelli
1184 594 1332 658 gemmus

234 676 267 739 in
286 693 408 739 noram
419 672 507 737 hauc
520 673 747 737 recensionem
761 673 901 738 contulit
915 674 1126 740 Burmannus
1142 685 1267 743 noster.

278 775 355 840 Nec
382 780 491 839 tamen
515 792 643 851 omnes,
665 774 695 837 si
724 776 858 857 quaeris,
882 794 979 859 aeqne
1005 778 1184 859 benignam
1208 777 1251 844 de
1276 780 1331 847 lris

235 878 415 961 Excerptis
432 877 571 954 Italicis,
587 878 638 941 nti
651 883 756 941 vocat
771 876 936 943 Heinsius
948 878 983 941 in
995 876 1136 944 Advers-
1151 900 1186 963 p.
1199 880 1255 946 32.
1277 881 1331 946 vel

234 978 411 1063 Excerptis
426 976 621 1043 Italicorum
635 976 810 1057 Codicum,
833 980 883 1043 nti
904 999 938 1063 p.
952 980 1007 1043 30.
1030 982 1227 1045 senteutiam
1249 984 1332 1048 tule-

233 1086 323 1145 runt.
368 1077 449 1162 Ipse
465 1078 642 1157 Heinsius,
664 1098 781 1143 eorum
796 1099 934 1162 promus
957 1082 1098 1161 condus,
1120 1083 1156 1147 in
1175 1082 1331 1167 Epistola

235 1181 279 1246 ad
296 1180 479 1259 Graevium,
500 1179 543 1245 T.
559 1198 608 1248 ιν,
650 1180 781 1265 Syllcg.
805 1200 840 1263 p.
853 1180 930 1245 233.
954 1184 1013 1259 ait,
1035 1201 1074 1247 se
1089 1181 1206 1248 timide
1221 1185 1332 1249 solere

130 1362 135 1373 ·
235 1284 278 1347 iis
292 1282 462 1358 accedere,
484 1300 558 1346 cnm
575 1300 620 1345 cx
638 1282 787 1347 Pontaui
801 1269 1007 1368 aliorumque
1021 1282 1157 1349 schedis
1179 1285 1245 1349 sint
1258 1304 1332 1350 cor-

231 1402 324 1463 rasa,
347 1384 406 1467 qui
429 1381 605 1467 plurimum
621 1384 686 1448 sibi
701 1384 911 1466 permiserint
933 1386 967 1448 in
985 1384 1163 1469 Propertio
1187 1387 1333 1469 interpo-

234 1485 353 1565 land03
375 1492 411 1551 et
437 1484 522 1549 satis
551 1488 690 1561 constet,
711 1484 747 1547 in
776 1483 912 1549 Catullo
939 1491 1035 1550 totos
1050 1484 1196 1550 Pontaui
1210 1504 1333 1550 versus

235 1585 397 1651 exhiberi.
441 1584 684 1649 Geleberrimus
697 1603 830 1669 quoqne
845 1586 1014 1669 Hcynius,
1034 1606 1132 1670 quem
1144 1587 1252 1650 virum
1265 1586 1333 1649 ele-

235 1689 346 1771 gantis
376 1685 573 1751 eruditionis
601 1691 637 1748 et
665 1685 835 1764 amicitiae,
863 1686 945 1750 olim
975 1693 1170 1764 contractis,
1198 1689 1333 1751 nomine

234 1806 387 1864 veneror,
411 1788 447 1852 in
461 1804 551 1850 nova
565 1785 608 1851 ad
622 1784 749 1851 Tibull.
773 1786 874 1851 Praei.
889 1805 923 1869 p.
941 1802 1027 1850 ιιιιι.
1049 1787 1165 1852 bomm
1181 1786 1332 1871 Excerp-

102 1884 106 1895 '
235 1894 344 1953 torum
371 1888 602 1953 auctoritatem
631 1906 700 1952 non
729 1886 927 1971 spernendis
956 1887 1146 1951 rationibus
1174 1886 1332 1951 elevavit.

239 1987 419 2067 Quintae
444 1991 517 2073 ipse
539 1989 671 2072 quidem
686 1988 899 2053 Burmannus
913 1988 1089 2054 Secundus
1113 2008 1246 2073 semper
1258 1988 1334 2054 fidit

237 2089 386 2155 Perraio.
429 2089 510 2154 Vid.
535 2090 580 2155 ad
605 2106 644 2153 ιι.
660 2088 713 2153 32.
729 2092 761 2153 5.
784 2106 840 2155 ιιι.
855 2091 909 2154 14.
921 2092 956 2156 8.
1000 2088 1080 2154 Non
1100 2108 1163 2172 ego
1188 2089 1220 2153 is
1245 2108 1332 2168 sum,

238 2190 297 2273 qui
311 2191 427 2255 talium
442 2190 586 2256 virorum
601 2190 814 2276 suspiciones
826 2210 1032 2275 oppugnem3
1054 2190 1243 2274 praesertim
1257 2210 1332 2254 cum

238 2292 435 2370 existimem,
456 2312 518 2377 pro
545 2299 636 2357 certo
665 2297 698 2355 et
726 2291 916 2356 indubitato
942 2290 1099 2356 affirmari
1123 2311 1190 2357 uon
1214 2310 1333 2375 posse,

238 2394 344 2458 sintne
357 2393 430 2459 bac
445 2393 616 2478 Excerpta
631 2393 743 2458 omnia
756 2411 804 2458 ex
815 2391 922 2458 Ccdd.
936 2396 1096 2477 profecta,
1119 2413 1163 2459 au
1178 2400 1333 2476 exparte

239 2497 342 2561 etiam
368 2498 539 2561 doctorum
560 2495 721 2561 Italorum
747 2496 891 2578 ingeniis
913 2497 1111 2561 debeantur:
1134 2496 1195 2560 sed
1208 2505 1333 2573 minen,

238 2599 275 2661 in
299 2596 477 2663 Addcndis
504 2598 548 2662 cd
578 2599 787 2682 Propertium
810 2597 1026 2663 conficiendis
1046 2597 1119 2681 jam
1132 2605 1335 2682 occupatus,

238 2708 362 2783 praetcr
386 2718 518 2764 omnem
540 2699 730 2784 opinionem
753 2705 871 2764 nactus
895 2718 969 2762 snm
991 2698 1148 2782 quaedam
1171 2698 1334 2774 subsidia,

239 2799 410 2882 incognita
422 2800 490 2866 lere
514 2801 596 2867 viris
611 2801 831 2880 doctissimis,
854 2800 977 2883 quibus
998 2799 1124 2874 Perreii
1138 2798 1234 2876 fides,
1258 2805 1336 2862 ante

240 2901 321 2965 milri
346 2922 479 2986 quoquc
506 2909 677 2987 suspects,
699 2911 798 2969 extra
826 2921 958 2968 omnem
981 2901 1198 2966 dubitationis
1225 2899 1334 2965 aleam

241 3003 435 3069 collocatur.
1210 2988 1217 2996 ’

285 3105 417 3190 Nempe
426 3105 574 3189 juvenis,
583 3125 650 3170 non
658 3107 768 3170 minus
780 3105 926 3187 ingenio,
935 3121 1035 3186 quam
1046 3101 1208 3164 namlium
1221 3101 1336 3184 splen·

242 3206 321 3271 dore
335 3207 607 3292 conspiciendus,
630 3205 783 3271 loannes
797 3202 951 3269 Andreas
968 3203 1154 3279 Mnntcrus,
1176 3208 1254 3284 post
1278 3201 1335 3266 dc-

243 3325 373 3372 cursum
388 3308 424 3371 in
437 3309 501 3372 hac
517 3306 618 3372 Alma
631 3305 788 3371 Leidensi
811 3324 872 3387 per
882 3304 984 3367 *mam
1004 3303 1126 3386 regiam
1151 3303 1336 3367 studiorum

242 3408 451 3488 curriculum,
473 3427 579 3493 enque
593 3406 788 3471 emditicnis
803 3403 994 3487 specimina
1014 3403 1116 3481 edita,
1137 3403 1252 3486 qualia
1272 3401 1336 3466 uti-

241 3529 319 3576 nam
333 3512 429 3577 multi
444 3509 644 3594 proferrent!
666 3526 753 3571 nunc
778 3525 839 3590 per
862 3505 1055 3589 praecipuas
1078 3504 1223 3588 Europae
1246 3522 1335 3581 oras,

242 3633 305 3678 nec
337 3615 503 3679 literarum
538 3617 737 3687 nostrarum,
770 3607 892 3691 quibus
932 3607 1024 3689 large
1060 3607 1241 3671 instructus
1274 3612 1336 3682 est,

242 3733 304 3780 uec
327 3715 504 3779 amicorum
526 3712 708 3787 immemor,
730 3710 966 3790 peregrinatur.
1011 3706 1093 3785 Hic,
1109 3705 1230 3770 Romae
1245 3726 1337 3771 com·

243 3824 402 3895 muratus,
422 3815 503 3879 dum
517 3811 714 3878 venerandae
730 3810 938 3893 antiquitatis
952 3814 1162 3874 monumenta
1174 3806 1338 3872 homines·

244 3936 309 4002 que
324 3937 448 3994 ¹eorum
472 3913 695 3993 intelligentes
713 3912 804 3976 omni
821 3931 904 3976 curu
924 3909 1075 3991 indagat,
1096 3909 1151 3975 vel
1165 3909 1337 3992 praecipue

244 4037 283 4083 se
297 4017 484 4106 applicavit
498 4013 540 4080 ad
556 4012 734 4096 exquisitae
750 4014 914 4078 doctrinae
929 4011 1149 4093 amabilisque
1163 4009 1337 4074 modestice

245 4119 362 4198 rirnm,
376 4118 421 4182 V.
437 4117 487 4181 Μ.
501 4113 775 4193 Gicreltanuium,
796 4113 997 4199 prefectum
1018 4111 1230 4178 bibliotheca
1244 4109 1338 4176 illus·
