3034 4775
256 334 299 397 19
703 357 907 407 rnnrsrro.

240 570 241 575 ἵ
256 493 355 557 050οι
371 494 492 575 egregii
505 494 597 559 illius
611 495 815 579 Groningani
839 501 959 564 smicae
981 500 1094 568 debuit
1109 504 1285 572 Sobraderi
1300 510 1351 573 di-

254 592 407 673 ligentiac.

203 765 206 771 ,
298 695 368 760 Sed
384 696 560 779 plurimum
575 700 716 781 profecit
730 704 912 785 exopibus
931 703 1141 784 Heinsianis‚
1164 728 1255 790 quae,
1270 710 1351 776 licet

255 814 320 860 non
335 816 459 875 omnes,
473 800 640 883 pleraeque
656 806 767 867 tamen
791 804 835 867 ad
857 822 933 867 eum
954 804 1121 870 devolutae
1144 816 1233 871 0001.
1278 810 1348 875 Hae

254 908 331 963 sunt
346 898 543 965 collationes
558 901 677 985 Angeli
694 903 831 981 Colotii,
854 911 887 968 01
908 907 1055 989 quinque
1071 906 1235 973 Codicum
1252 910 1349 976 Vati·

254 1018 422 1077 canorum,
438 1012 474 1065 et
486 1002 622 1067 Codicis
639 1006 869 1088 Neapolitani,
893 1010 950 1089 qui
975 1008 1017 1072 ad
1033 1009 1069 1072 S.
1084 1008 1250 1074 loannem
1266 1012 1348 1077 Car-

254 1102 426 1165 bonarium
438 1110 519 1179 erat,
534 1124 619 1188 quas
635 1106 799 1171 Heinsius
812 1115 984 1172 notaverat
997 1110 1040 1172 ad
1063 1109 1245 1174 editionem
1260 1112 1347 1195 Gry·

253 1201 323 1284 pbii
339 1204 435 1266 1573.
480 1202 577 1269 Unde
600 1226 678 1272 vero
701 1207 916 1273 Burmannus
940 1210 1132 1274 Secundum
1152 1211 1348 1295 Neapolita-

252 1322 329 1393 num
341 1305 526 1371 laudaverit
540 1308 581 1371 ad
599 1325 624 1371 r.
638 1311 670 1373 4.
686 1310 739 1373 13.
764 1328 787 1373 ι.
801 1311 833 1375 9.
850 1311 902 1375 13.
927 1328 967 1375 ιι.
983 1312 1035 1377 21.
1049 1314 1100 1377 13.
1126 1314 1274 1378 noudum
1296 1316 1345 1377 in·

252 1403 371 1485 dagare
387 1408 491 1488 potui.
536 1408 651 1492 Hujus
681 1416 791 1475 tamen
815 1411 897 1475 Cod.
913 1412 1074 1477 lectiones
1088 1414 1203 1478 000010
1228 1433 1271 1477 an
1295 1416 1345 1479 in·

251 1506 423 1571 veniautur
443 1508 477 1571 iu
493 1506 667 1574 Vossiano
693 1511 878 1595 exemplari
901 1511 1114 1577 bibliotbeooe
1131 1517 1253 1577 nostre
1268 1513 1346 1585 Iei-

250 1605 375 1685 densis,
398 1608 563 1675 Historia.
578 1631 614 1675 u.
628 1612 703 1677 418.

293 1708 361 1772 Sed
376 1710 459 1774 inter
472 1712 590 1793 copias
603 1712 807 1801 11010ιί0000
823 1714 939 1779 000100
954 1715 989 1778 10
1002 1734 1041 1779 00
1055 1716 1270 1779 convertebat
1283 1734 1343 1779 ex-

249 1809 385 1893 emplar,
407 1811 497 1893 quod
516 1812 729 1878 Perraianum
743 1816 884 1892 vocabo,
906 1816 1063 1881 editionis
1078 1814 1210 1879 Aldinae
1226 1835 1345 1881 secun-

249 1910 304 1975 dae
319 1912 509 1975 00011515.
531 1932 575 1977 ex
588 1934 656 1997 quo
670 1934 745 1979 cum
760 1916 837 1999 plus
853 1908 981 1982 500110
997 1916 1220 1998 Propertium,
1241 1936 1343 2001 quam

248 2032 293 2077 ex
307 2014 445 2099 reliquis
462 2014 660 2093 redundarit,
682 2035 756 2097 age,
778 2018 878 2100 quale
898 2017 981 2081 illud
1005 2018 1060 2094 sit,
1082 2016 1186 2098 paulo
1209 2036 1344 2083 accura-

249 2114 315 2179 tius
328 2113 511 2181 tradamus.
556 2115 671 2200 Hujus
687 2125 799 2182 autem
822 2120 871 2181 rei
894 2117 1086 2182 1000110100]
1099 2117 1191 2182 dedit
1203 2119 1343 2203 insignis

248 2216 444 2281 amicissimi
458 2217 600 2283 bominis
622 2236 702 2300 erga
721 2237 775 2281 me
789 2217 983 2296 liberalitas,
1004 2236 1064 2301 per
1078 2236 1178 2301 quarn
1199 2217 1267 2284 500
1289 2221 1343 2303 ip·

249 2337 324 2382 sum
339 2318 513 2403 exemplar
527 2337 595 2383 una
608 2337 683 2382 oum
699 2318 779 2382 aliis
793 2317 893 2402 hujus
916 2318 1045 2400 generis
1067 2318 1210 2383 cimeliis
1229 2338 1274 2383 ex
1298 2319 1341 2386 cl.

248 2419 403 2502 Magistri
418 2420 622 2486 bibliotheca
636 2422 671 2484 10
685 2440 792 2485 meam
807 2421 969 2502 migrasse
983 2418 1126 2501 gaudeo.
1158 2421 1341 2504 Compara·

247 2522 296 2585 vit
310 2522 407 2604 igitur
422 2521 587 2587 Heinsius
614 2541 678 2586 sua
699 2541 801 2584 mauu
822 2521 908 2584 banc
930 2520 982 2582 ed·
1007 2539 1083 2584 cum
1106 2518 1189 2583 God.
1209 2520 1342 2586 Menta-

245 2622 349 2696 liano‚
372 2624 517 2686 omnium
543 2622 651 2687 Codd.
683 2623 824 2706 optimo,
851 2640 928 2684 oum
953 2619 1039 2685 (lod.
1063 2620 1243 2698 Vossiauo,
1265 2640 1341 2685 cum

247 2719 390 2804 egregiis
405 2743 448 2786 ex
464 2722 548 2787 Cod.
566 2743 633 2807 quo
653 2740 795 2804 magnus
809 2721 959 2803 Scaliger
971 2740 1053 2784 usus
1066 2729 1129 2798 est,
1150 2721 1340 2805 Excerptis,

245 2844 321 2907 quae
336 2824 450 2890 babuit
464 2823 626 2889 Heinsius
640 2826 683 2890 ab
699 2822 1157 2888 illustrissimo'Coustautino
1170 2823 1339 2905 Hugenio,

247 2925 465 3002 Zuliobemio,
488 2933 525 2990 ut
539 2931 633 3009 patet
646 2945 691 2989 ex
707 2925 841 2990 Heinsii
857 2924 961 2989 Notis
975 2923 1017 2989 ad
1032 2922 1120 2990 Vell.
1137 2939 1176 2987 rr.
1191 2924 1245 2989 87.
1263 2943 1340 2988 cum

244 3027 381 3110 optimis
395 3027 574 3110 Excerptis
591 3026 644 3090 Fr.
661 3027 783 3104 Medii,
798 3026 942 3108 denique
957 3045 1034 3089 cum
1051 3044 1114 3088 suo
1127 3025 1236 3115 ipsius
1251 3023 1338 3089 Cod.

243 3128 427 3192 Variautes
450 3147 583 3211 quoque
612 3128 736 3211 adjecit
758 3129 836 3192 edd.
859 3127 1114 3201 rarissimarum,
1137 3125 1339 3206 Rhegiensis

245 3249 275 3294 0.
298 3229 393 3294 1481.
416 3234 449 3293 01
464 3229 602 3295 Venetae
617 3231 711 3294 1475.
735 3249 876 3313 quarum
890 3230 977 3304 huic,
993 3228 1037 3291 ab
1052 3226 1228 3290 Hadriano
1243 3226 1339 3292 Wal-

242 3331 290 3396 110
306 3330 543 3415 suppeditatas,
554 3351 672 3395 manus
688 3333 750 3395 viri
764 3330 855 3395 docti
868 3329 997 3412 passim
1011 3328 1121 3392 varias
1135 3327 1223 3390 lectt
1235 3345 1339 3390 anno-

135 3461 138 3468 *
242 3437 340 3497 tarat
395 3433 575 3510 Praeterea,
606 3434 658 3496 uti
685 3433 811 3497 nullum
843 3429 1015 3511 exemplar
1045 3428 1208 3492 Heinsius
1236 3447 1338 3491 manu

242 3535 409 3610 versabat,
442 3535 496 3596 cui
523 3551 589 3598 000
618 3552 707 3598 nova
735 3530 982 3596 foeoundissimi
1006 3529 1127 3611 ingenii
1154 3530 1338 3611 specimina

242 3634 393 3716 ad·deret;
415 3635 461 3698 110
476 3635 563 3697 5000
578 3631 678 3698 etiarn
694 3633 911 3697 Perreiauum
929 3632 1050 3694 librum
1070 3630 1185 3694 multis
1204 3629 1337 3712 conjec-

241 3737 338 3812 turis,
361 3755 446 3818 quas
460 3737 583 3799 frustra
597 3735 688 3818 apud
703 3731 963 3812 Broulsbusium,
980 3733 1011 3795 10
1027 3732 1159 3796 Ηο10011
1176 3730 1209 3793 N
1211 3733 1277 3794 otis
1292 3728 1337 3792 ad

241 3837 463 3920 Propertium,
485 3844 518 3901 et
539 3838 574 3899 iu
602 3834 818 3899 adversariis
842 3827 915 3918 ejus
940 3851 1085 3916 quaeras,
1107 3830 1336 3912 locupletavit

241 3937 316 4003 Nec
332 3939 493 4001 minorem
518 3936 572 4000 bic
595 3935 679 3999 liber
704 3933 1021 3998 commendationem
1039 3931 1139 3994 babet
1159 3931 1203 3992 ab
1225 3929 1334 4010 ipsius

240 4037 378 4102 Antonii
395 4037 523 4101 Petreii
537 4039 719 4114 annotatis,
742 4036 786 4100 de
801 4037 922 4119 quibus
935 4041 973 4098 ut
989 4030 1166 4115 judicandi
1183 4035 1335 4112 potestas

239 4139 311 4216 liat,
333 4138 399 4214 bic,
421 4156 497 4221 quaa
512 4137 546 4204 in
560 4135 626 4202 fine
650 4137 816 4223 ascripsit,
838 4140 983 4221 repetere
1000 4132 1118 4216 jurat:
1141 4129 1334 4196 ‘Emenda-
