3034 4775
275 370 319 435 46
556 386 640 436 SEX.
665 386 754 436 Anu.
778 388 981 436 ruorssurrr
1007 388 1098 436 Vl'l'll

275 526 400 609 Elegiae
414 526 611 592 laudarem
626 526 668 594 A.
680 528 723 592 U.
735 529 810 594 752.
826 530 965 614 cogitat,
980 539 1121 620 propter
1131 531 1245 596 locum
1255 529 1375 597 Ovidii

275 628 315 690 de
329 627 373 691 A.
383 628 432 692 Ἀ.
451 646 474 691 ι.
491 630 564 693 177.
580 648 654 713 sqq.
679 648 755 695 cum
779 640 890 695 tamen
907 632 957 695 ibi
971 632 1014 695 de
1030 632 1100 697 alia
1111 631 1211 714 longe
1230 632 1373 715 expedi·
1418 660 1424 669 ²

271 728 362 793 tione
377 730 410 791 in
425 728 570 793 Parthos
587 749 645 814 per
660 728 779 794 Caium
801 750 911 795 sermo
935 733 998 797 sit:
1028 733 1097 796 vid.
1121 732 1275 797 Messon.
1303 732 1370 798 vit.

273 828 373 895 ovio.
388 830 531 895 chronol.

615 977 648 1027 A.
658 978 691 1028 U.
704 975 734 1027 C.
745 980 804 1027 731.
836 980 969 1042 Propertii
979 982 1020 1029 70.
1045 972 1052 985 ’

455 1061 544 1111 Cesar
552 1059 685 1123 Augustos
697 1056 747 1108 xl.
781 1058 815 1107 A.
825 1059 965 1108 Terentius
976 1060 1061 1107 Varro
1070 1058 1197 1107 Mnraenn.

313 1156 363 1221 M.
388 1156 541 1221 Marcelli
566 1175 667 1232 mors,
690 1155 726 1219 in
745 1174 847 1239 qnam
864 1156 1025 1239 praeclara
1040 1161 1136 1220 extat
1150 1154 1269 1237 Elegia
1282 1156 1367 1222 Pro·

293 1256 368 1319 ertii
385 1273 440 1319 ιιι.
456 1256 507 1320 18.

268 1276 485 1439 pAngustus
508 1360 670 1439 praeterea
693 1356 756 1419 sub
780 1352 881 1425 finem
906 1357 987 1421 anni
1010 1356 1168 1439 captivos
1186 1359 1219 1420 et
1235 1356 1330 1438 signa
1343 1377 1368 1421 a

268 1454 402 1521 Parthis
418 1456 554 1539 repetit3
578 1454 669 1538 qnod
684 1454 893 1538 postulatum
916 1457 946 1519 si
964 1462 1118 1538 negatum
1141 1456 1273 1532 suisset,
1296 1456 1367 1521 bel·
1503 1503 1504 1510 ι

266 1558 385 1622 lumin
409 1556 553 1621 Parthos
577 1562 774 1637 susceptum
802 1556 842 1620 iri
868 1558 1017 1641 suspicio
1041 1558 1113 1621 erat
1136 1555 1266 1633 Romae,
1282 1558 1365 1639 quin
1503 1577 1504 1582 ¹

265 1660 367 1722 etiam
387 1658 429 1721 de
460 1657 557 1721 Indis
578 1655 796 1739 subjiciendis
826 1658 918 1721 varia
947 1656 1069 1721 Romae
1094 1656 1222 1738 agitata
1243 1656 1362 1735 fuisse,

264 1758 438 1842 probabile
453 1756 601 1821 videtur:
617 1756 658 1819 cs.
675 1772 728 1819 ιιι.
738 1758 770 1817 t.
791 1761 824 1819 et
836 1755 902 1820 uid.
928 1757 1039 1839 Heyn.
1063 1756 1135 1821 Via
1151 1756 1269 1838 Virgil.
1283 1757 1315 1822 h.
1330 1778 1360 1823 a.

263 1866 298 1922 et
317 1856 356 1921 U.
372 1856 410 1919 C.
424 1855 500 1919 734.
515 1856 571 1918 fin.
615 1853 762 1919 Videtur
775 1855 929 1919 nimirum
943 1856 979 1921 id
993 1859 1114 1940 negotii
1126 1858 1244 1921 datum
1254 1858 1360 1923 fuisse

264 1958 357 2021 AElio
372 1955 484 2033 Gallo,
498 1954 602 2039 poulo
613 1960 687 2021 ente
704 1966 973 2035 commemorato,
988 1964 1025 2022 ut
1040 1958 1128 2022 adeo
1139 1958 1265 2039 Elegiae
1277 1956 1359 2038 Pro·

261 2059 431 2141 pertionee,
448 2056 595 2120 Parthici
609 2056 813 2122 mentionem
829 2056 910 2122 belli
932 2058 1105 2136 facientes,
1129 2057 1172 2121 ad
1195 2057 1283 2123 hunc
1299 2078 1358 2123 an-

261 2177 341 2222 num
362 2165 397 2222 ct
418 2156 670 2221 antecedentem
694 2154 878 2222 Arabicam
902 2159 1151 2241 expeditionem
1165 2159 1264 2222 simul
1277 2160 1359 2223 rese-

260 2258 371 2322 rendae
386 2256 569 2321 videantur.
617 2256 753 2321 Frustra
778 2258 868 2323 enim
887 2259 1051 2323 Heinsius
1065 2257 1155 2323 Adv.
1171 2274 1195 2321 ι.
1209 2259 1240 2322 2.
1254 2279 1288 2341 p.
1303 2258 1358 2323 12.

260 2360 304 2424 de
319 2356 358 2422 G.
383 2356 505 2422 Cassio
527 2357 693 2440 Longino,
720 2357 836 2424 Crassi
850 2361 886 2424 in
901 2359 999 2444 Syria
1012 2365 1187 2444 quiestote,
1202 2360 1357 2444 adeoque

259 2459 302 2524 A.
318 2457 361 2524 U.
377 2459 451 2522 712.
467 2459 593 2542 cogitat
607 2460 666 2522 lib.
684 2476 735 2522 ιν.
749 2460 782 2524 3.
799 2523 813 2544 2

302 2559 395 2638 Quin
417 2558 472 2622 bic
495 2559 572 2641 ipse
593 2577 700 2623 annus
720 2559 803 2624 mihi
824 2560 955 2624 videtur
975 2560 1046 2637 ille,
1069 2580 1138 2643 quo
1162 2560 1354 2644 Propertius

257 2661 377 2726 librum
393 2659 575 2724 secundum
590 2667 626 2723 et
639 2661 771 2726 tertium
780 2660 971 2743 Elegiarum
982 2681 1115 2726 suarum
1127 2662 1255 2743 publici
1264 2662 1353 2744 juris

257 2763 354 2841 fecit3
376 2766 414 2825 ut
428 2760 515 2824 adeo
531 2760 567 2824 hi
582 2765 648 2825 tres
663 2760 852 2846 Elegiarum
864 2760 943 2825 libri
957 2762 1160 2843 intelligendi
1175 2762 1252 2840 sint,
1275 2781 1351 2826 cum

257 2862 366 2926 Poeta
382 2877 421 2924 ιι.
437 2861 489 2925 13.
504 2863 558 2926 25.
583 2863 692 2926 canit:
715 2862 799 2928 ‘Set
820 2881 895 2926 mea
923 2871 980 2926 sat
999 2881 1121 2945 magna
1141 2870 1204 2941 est,
1228 2864 1259 2927 si
1284 2869 1351 2928 tres

220 3033 227 3040 ,
255 2963 324 3027 sint
343 2981 470 3045 pompa
497 2961 616 3040 libelli,
638 2961 736 3040 Quos
764 2981 827 3045 ego
846 2961 1070 3045 Persephonae
1092 2964 1241 3027 maxima
1262 2963 1352 3027 dona

253 3062 380 3127 serem!
422 3061 546 3144 Neque
569 3063 657 3126 enim
680 3063 793 3144 plures
816 3061 962 3125 fortasse
985 3063 1087 3126 libros
1109 3062 1203 3126 edere
1225 3065 1351 3128 consti·

254 3169 371 3240 tuerat,
393 3169 427 3227 ct
437 3168 571 3246 quartus
583 3159 701 3225 deinde
712 3165 791 3243 post
801 3159 875 3242 ejus
884 3167 1020 3225 mortem
1032 3162 1075 3225 ab
1087 3163 1194 3226 amico
1205 3163 1350 3246 quodam

252 3263 392 3348 reliquis
416 3263 568 3347 adjectus
590 3262 665 3324 snit.
710 3250 867 3338 Accedit,
894 3263 983 3344 quod
1008 3264 1154 3346 quinque
1177 3257 1352 3343 servitutis¹

252 3365 328 3428 anni
354 3363 508 3449 Gyntlriae
531 3362 693 3447 praestitar
718 3359 794 3446 (ιιι.
809 3362 862 3427 25.
875 3360 925 3446 3.)
944 3363 1017 3447 jam
1032 3361 1075 3426 A.
1090 3363 1134 3428 U.
1149 3361 1225 3427 728.
1248 3363 1347 3430 linem

252 3485 348 3530 suum
363 3464 533 3530 consecuti
547 3463 686 3527 fuerant.
731 3461 875 3541 Quodsi·
886 3465 961 3548 quis
984 3482 1029 3528 ex
1052 3485 1105 3528 me
1127 3471 1267 3548 qnaerat,
1289 3485 1349 3529 cur

250 3584 293 3630 ea
307 3567 383 3649 ipsa
398 3554 514 3646 Elegia
528 3565 613 3628 libro
629 3564 777 3629 secundo
796 3565 935 3648 legatur,
958 3584 1064 3648 neque
1078 3565 1212 3630 demum
1233 3567 1343 3644 tertio,

249 3667 362 3731 facilis
376 3674 428 3730 est
441 3664 635 3748 responsi03
659 3665 816 3750 quoniam
837 3665 990 3730 nimirum
1011 3685 1119 3750 neque
1142 3665 1345 3749 Propertius,

249 3786 357 3851 neque
368 3765 534 3830 Horatius
544 3766 699 3830 Carmina
708 3785 771 3830 sua
784 3765 899 3830 ordine
911 3766 1147 3848 chronologico
1156 3769 1346 3850 composita

245 3867 444 3944 ediderunt,¹
467 3867 527 3931 sed
549 3867 606 3930 ille
627 3867 817 3950 promiscuo
839 3865 1036 3950 conjecitin
1049 3867 1125 3931 illos
1140 3866 1226 3931 dnos
1240 3866 1344 3932 libros

739 4031 765 4082 N
769 4030 847 4082 01¹AE

281 4141 399 4196 'Recte
431 4143 492 4194 Non
507 4145 574 4196 enim
585 4143 705 4195 essentlrl
716 4157 774 4210 pos·
813 4141 980 4206 Propertium
988 4156 1022 4192 rr.
1034 4146 1075 4193 13.
1085 4147 1126 4192 25.
1139 4101 1264 4205 indicere,
1275 4154 1341 4191 sere
1451 4147 1455 4160 ·

245 4225 300 4264 rum
311 4219 409 4284 lipsio,
426 4220 470 4286 qul
480 4221 513 4270 V.
524 4221 553 4271 1..
568 4233 589 4270 r.
606 4223 630 4272 6.
641 4219 773 4282 observet,
812 4233 875 4269 verr
894 4224 949 4269 tres
967 4224 1066 4269 tentum
1084 4217 1233 4281 Elegirrunr
1244 4216 1340 4279 libros,
