3034 4775
265 314 310 383 8⁰
541 326 630 378 snx.
653 312 743 377 tur.
767 326 971 377 rnornnurr
996 326 1086 377 vrrs

266 473 458 541 exoculari
479 470 596 538 docuit
616 469 836 553 inspectione,
855 469 999 537 acclivis
1017 478 1083 549 cst,
1106 474 1142 538 ot
1161 490 1209 537 ex
1229 474 1368 543 mast

267 576 423 643 verticem
441 572 621 655 consurgit.
664 569 817 637 Verbum
829 572 918 637 enim
940 572 1166 654 ‘scandendi’
1188 594 1260 659 quc
1283 576 1368 643 Pro·

265 680 393 767 portius
407 678 523 755 ulitur,
538 680 603 753 est,
617 672 822 759 pedetentim
841 679 878 739 et
899 692 961 757 per
981 673 1136 741 divorsos
1154 674 1279 757 medus
1290 696 1367 746 senc

264 780 433 860 auellere,
448 776 539 864 quod
560 775 598 843 lit
614 776 651 842 in
670 776 753 842 mbo
776 774 823 841 nd
845 774 972 843 clivum
996 775 1176 860 quendam,
1200 776 1369 847 molismo

118 924 120 929 ·
265 884 333 951 situ
348 880 474 968 positu.
510 878 641 948 Deinde
654 879 750 945 lucus
761 876 1367 949 Umbormonttsstoostcliturmm
1507 913 1508 922 κ

265 986 334 1051 vid.
348 991 417 1052 not.
432 984 477 1051 nd
493 1000 543 1050 ιν.
557 982 589 1048 1.
603 980 679 1049 lat.
694 980 775 1049 coll
792 996 833 1046 ιι.
847 981 903 1049 19.
915 980 970 1047 26.
1002 980 1288 1047 Probabilouim
1300 990 1366 1065 ast,

265 1086 441 1173 Cynthium
454 1087 490 1153 in
503 1085 615 1173 patris
627 1083 746 1153 Podtae
760 1084 960 1151 rusticulam
980 1084 1099 1163 irrisus,
1119 1100 1279 1167 quorsum
1295 1085 1369 1169 ipsi

265 1208 348 1256 mcx
368 1188 485 1257 volare
504 1187 684 1274 Propertio
705 1184 838 1253 animus
860 1191 936 1253 erat
955 1204 1025 1252 sec.
1045 1204 1097 1252 vs.
1116 1186 1171 1253 27.
1213 1184 1369 1253 Tandem

266 1292 419 1358 Perusiae
438 1291 600 1378 opposita
617 1294 671 1356 est
690 1290 753 1369 itu,
773 1296 813 1355 ut
832 1308 894 1374 per
915 1306 1072 1373 campum
1092 1285 1309 1354 ideranatem
1329 1294 1368 1355 et

265 1392 471 1460 Clitumnum
484 1390 759 1478 progrediendum
778 1392 823 1459 sit
838 1392 884 1459 nd
896 1391 1012 1457 urbem
1026 1388 1170 1474 putrium
1184 1389 1367 1476 Propertii,

263 1514 340 1581 quse
363 1497 532 1581 consurgit
553 1495 681 1563 vertice
699 1494 893 1561 scnndcmis
909 1492 1010 1571 orcis,
1024 1511 1054 1557 s.
1067 1491 1189 1558 montis
1201 1492 1366 1577 paulnn'm

264 1616 302 1663 se
329 1617 407 1664 cum
432 1599 514 1664 urbe
537 1597 734 1665 attollentis.
784 1595 884 1662 Adde
910 1594 1003 1680 quod
1030 1592 1226 1678 Hispellum
1253 1593 1366 1659 solum

264 1700 358 1766 ‘noti
373 1697 536 1765 Penates’
557 1701 625 1783 [tv.
639 1696 778 1778 1.121.]
799 1697 915 1765 vocari
928 1700 1071 1781 possunt
1084 1695 1130 1761 ab
1143 1694 1364 1781 Horoscopo,

263 1802 386 1885 purtim
399 1806 536 1886 propter
549 1797 716 1865 colonium
729 1798 829 1864 Rom.
844 1818 868 1863 a
878 1796 949 1864 lul.
967 1796 1105 1863 Cessare
1116 1814 1160 1862 eo
1174 1794 1364 1875 deductam

263 1903 387 1987 partim
401 1906 541 1986 propter
559 1898 718 1966 balneum
734 1899 784 1966 ibi
795 1899 1146 1985 frequentatissimum.
1189 1898 1280 1965 Hmo
1291 1919 1364 1966 oms

262 2003 323 2071 nia
337 2002 495 2069 Donuola
507 2001 618 2068 insius
641 2001 802 2086 exposita
820 2000 1090 2067 testimoniorum
1107 2000 1365 2069 auctoritatibus

263 2105 418 2185 munivit,
433 2104 508 2171 aliis
520 2103 778 2178 etiamlevioris
799 2105 961 2169 momenti
985 2102 1190 2186 argumentis
1212 2102 1365 2187 plurimis

264 2204 428 2289 ndJectis3
450 2224 528 2291 qum
542 2205 602 2291 qui
617 2212 817 2287 cognoscere
830 2211 919 2283 avet,
933 2203 966 2269 is
980 2203 1071 2271 sacili
1090 2206 1228 2290 negotio
1241 2204 1365 2271 librmn

233 2376 237 2392 ¹
262 2304 378 2393 ipsum
392 2304 559 2372 Donnolae
584 2305 678 2371 adire
693 2306 826 2390 poterit
870 2304 949 2371 Nos
965 2305 1101 2390 potiora
1113 2312 1150 2372 et
1163 2305 1365 2390 gravissima

264 2409 351 2474 ndeo
373 2409 541 2494 complexi
554 2413 750 2492 argumenta
764 2427 809 2473 ex
824 2399 1130 2493 eo'proposuimns,
1141 2410 1223 2494 qnia
1240 2427 1365 2493 cogno-

263 2527 431 2589 veramus,
454 2509 655 2594 Philippum
670 2508 815 2600 Silvium
837 2528 905 2574 non
929 2510 1011 2576 sutis
1032 2517 1190 2576 accurrate
1203 2511 1241 2576 in
1261 2528 1309 2575 ea
1327 2528 1365 2576 re

263 2618 430 2678 versatum
442 2610 569 2690 inisse;
588 2612 638 2677 ita
651 2600 701 2689 ut,
725 2608 801 2694 ejus
814 2609 974 2694 Epitome
988 2611 1091 2691 locta,
1102 2610 1213 2677 multo
1222 2611 1362 2697 quidem

260 2712 420 2778 incertior
442 2711 502 2792 sis,
525 2730 628 2797 quam
652 2717 741 2776 anto.
785 2709 944 2775 Getarum
967 2713 1161 2796 sepulcrum
1182 2711 1362 2797 Propertii,

262 2815 443 2880 recentiore
457 2817 557 2880 solute
572 2811 722 2899 Hispelli
737 2810 921 2890 detectum,
944 2831 1011 2878 non
1033 2815 1109 2880 levo
1124 2815 1257 2900 pondus
1270 2814 1364 2880 nddit

264 2915 430 2982 Donuolae
444 2915 636 2994 sententiae,
659 2921 699 2979 nt
712 2912 799 2979 odeo
814 2912 1026 2998 Propertium
1037 2915 1074 2980 iu
1087 2921 1258 3000 posterum
1272 2914 1359 2981 His·

262 3015 419 3100 peitatem
447 3016 636 3083 habendum
656 3014 717 3081 vix
740 3013 890 3080 dubitari
917 3034 1022 3100 posse
1044 3017 1210 3083 ridontru.
1261 3017 1359 3084 snm

261 3116 393 3182 interim
407 3117 547 3184 ridicule
567 3116 700 3183 Auctor
714 3118 725 3148 ‘
737 3114 884 3182 Memor.
906 3115 1058 3183 Trivolt'
1077 3118 1156 3184 loco
1179 3117 1268 3185 iufra
1286 3119 1361 3184 luu-

262 3217 385 3297 dando,
410 3214 705 3294 ‘J'accorderois,’
728 3217 850 3302 inquit,
872 3221 980 3283 ‘sans
1000 3220 1177 3304 beaucoup
1198 3219 1242 3286 de
1259 3221 1361 3306 peine

261 3317 462 3386 eThuddee
477 3321 633 3387 Dounole
645 3314 727 3403 qu'il
741 3317 829 3384 etoit
842 3318 885 3385 de
900 3318 1024 3404 Spellc,
1040 3322 1155 3407 quand
1169 3323 1196 3388 il
1207 3341 1244 3388 se
1255 3323 1362 3388 seruit

261 3421 405 3504 epargne
421 3421 464 3488 do
478 3421 658 3507 prodigner
670 3425 743 3485 tant
766 3418 811 3484 de
824 3419 976 3487 (leonine
987 3442 1044 3488 nur
1063 3441 1110 3488 un
1127 3425 1216 3509 sajet
1228 3423 1274 3490 tel
1291 3443 1360 3508 quc

260 3521 422 3589 celui-lai
464 3521 521 3589 Ne
543 3523 643 3607 igitur
665 3527 701 3587 et
721 3540 785 3586 uos
810 3521 959 3607 cuipiam
981 3524 1179 3609 prolixitate
1201 3525 1306 3590 nimia
1323 3526 1361 3589 in

260 3619 325 3688 hac
339 3643 375 3690 re
397 3625 614 3692 occasionem
637 3623 756 3688 demus
778 3623 878 3690 iidem
904 3625 1075 3693 Donnmm
1096 3627 1266 3706 elevandi,
1288 3644 1361 3694 ver·

260 3722 342 3791 bum
354 3744 421 3792 non
435 3726 580 3810 amplius
594 3724 769 3792 addemus.

599 3874 633 3925 A.
646 3873 722 3930 lic.
739 3879 797 3931 ⁷11.
828 3876 963 3944 Propertii
978 3879 1019 3929 lc.

574 3955 605 4010 C.
626 3955 719 4010 Vibius
739 3956 836 4010 Pnurn.
880 3955 914 4009 A.
934 3956 1046 4010 Hirtius.

304 4049 438 4117 Bellum
453 4051 654 4122 Mutinense.
699 4053 844 4123 Ovidius
861 4062 971 4123 natus.
1015 4056 1195 4124 Circehoc
1212 4066 1358 4143 tempus,

260 4151 318 4218 rel
339 4159 428 4222 certe
442 4174 508 4222 non
528 4156 578 4224 ita
591 4159 699 4226 multo
713 4165 806 4244 post,
823 4160 968 4226 fortasse
983 4177 1070 4227 anno
1081 4167 1251 4244 sequente,
1265 4165 1364 4244 pater
