3034 4775
270 336 315 403 32
544 348 631 399 snx.
654 344 748 397 ans.
772 344 977 397 rsoruarrr
1000 348 1092 397 rma

271 493 490 569 administrat,
505 491 598 575 loqui
611 490 694 557 mibi
706 488 851 557 videtur.
878 487 1047 554 Praeterea
1059 490 1256 575 Propertius
1268 494 1374 559 enan

270 597 425 681 majorem
454 594 575 659 secisse
594 593 766 678 J'ncturam
793 591 935 670 videtur,
964 612 1067 675 qnam
1093 592 1268 660 Tibullus:
1289 615 1372 661 narn

270 698 449 783 Propertio
464 701 475 731 ‘
490 715 596 782 parra
608 696 700 763 domi
719 696 853 761 fortuna
866 693 1003 760 relicta’
1018 699 1089 759 erat
1101 713 1172 760 sec.
1188 712 1229 759 rr.
1245 697 1300 762 34.
1315 697 1371 761 bb.

269 801 360 867 nudo
384 802 483 865 etiarn
507 797 654 881 Augusti
676 806 712 863 et
738 797 939 863 Maecenatis
963 798 1112 863 maxime
1137 799 1371 865 liberalitatem

269 904 471 987 implorasse
485 899 668 965 credendus
688 905 753 978 est,
776 898 867 981 quod
888 898 1048 964 Tibullus
1062 918 1132 964 non
1149 899 1241 966 fecit.
1284 899 1368 965 viu.

270 1006 306 1068 in
319 1003 406 1069 bunc
420 1021 487 1067 rem
500 1000 534 1067 J.
550 1000 682 1070 Dousae
692 998 841 1068 macru.
854 1002 889 1067 in
902 999 1030 1066 Tibull.
1044 1001 1099 1068 18.

607 1200 730 1251 mue.
747 1202 805 1251 rra
836 1199 1042 1276 repentium
1092 1264 1095 1269 ¹

489 1282 538 1334 (iu.
549 1280 679 1332 Domitius
690 1280 812 1333 Calvinus
824 1279 863 1332 11.
896 1281 927 1331 C.
937 1278 1044 1331 Asinius
1055 1278 1150 1332 Pollio.

240 1475 242 1481 ¹
314 1397 448 1487 Bellum
460 1396 673 1463 Perusinum.
717 1394 800 1461 Hoc
815 1394 852 1459 in
864 1395 957 1460 bello
971 1394 1104 1459 ridetur
1117 1394 1261 1487 Gallus,¹
1285 1396 1369 1461 Pro·

269 1502 366 1585 pertii
386 1498 493 1565 nostri
508 1498 649 1579 amicus,
674 1496 730 1563 vel
748 1495 967 1581 propinquus,
992 1496 1124 1561 insidiis
1137 1497 1369 1562 latronumin·

268 1602 427 1667 terfectus
450 1600 565 1665 fuisse.
609 1598 662 1665 cf.
678 1615 704 1664 1.
720 1598 774 1663 El.
788 1598 844 1663 21.
865 1598 1018 1681 inprimis
1031 1618 1081 1663 ra.
1096 1600 1131 1665 7.
1141 1605 1176 1664 et
1188 1598 1221 1663 8.
1242 1597 1298 1662 El.
1312 1597 1368 1665 m.

267 1704 366 1769 6-8.
410 1703 496 1768 Sunt
510 1702 571 1785 qni
594 1702 629 1765 in
649 1700 715 1765 boc
728 1700 908 1784 posteriori
933 1701 1011 1765 loco
1027 1699 1292 1786 ‘propinquum'
1311 1720 1368 1765 cu·

268 1805 364 1888 pient
383 1804 424 1867 de
437 1805 515 1886 ipso
529 1808 625 1888 patre
650 1801 828 1885 Properb'i,
851 1820 914 1883 per
928 1801 1155 1868 Graecismum
1167 1802 1220 1867 ita
1234 1808 1368 1866 vocato.

268 1904 309 1969 In
323 1904 387 1982 bis,
412 1908 532 1988 praeter
555 1902 746 1968 Donnolam
765 1901 789 1966 l.
805 1921 835 1966 c.
857 1902 912 1969 23.
933 1910 989 1969 est
1016 1923 1153 1986 quoque
1168 1900 1367 1968 Scbumtlei·

268 2005 396 2083 sobius,
421 2006 480 2088 qui
495 2006 622 2071 innota
637 2005 670 2070 ei
683 2005 762 2069 loco
776 2003 944 2088 subjecta,
965 2004 1090 2071 ‘Errat
1111 2005 1199 2069 enim
1221 2004 1284 2070 Pb.
1300 2004 1367 2068 Sil·

267 2105 366 2185 vius,'
387 2108 507 2190 inquit,
527 2106 660 2188 ‘quiin
684 2104 958 2187 interpretatione
971 2105 1023 2170 ita
1036 2104 1150 2169 locum
1169 2104 1366 2193 mappalia:

267 2208 477 2291 'lunamque
491 2227 601 2293 passu,
614 2226 651 2272 es
666 2226 789 2291 corpus
800 2208 867 2272 mei
881 2208 1016 2291 cognati
1025 2208 1137 2293 jacere
1151 2208 1367 2291 discerptum.

267 2306 426 2398 Ceterum
440 2307 689 2394 ‘propinquos’
705 2314 807 2374 rocut
822 2317 978 2397 parentes
991 2308 1224 2375 e'Graecismo.
1268 2308 1368 2375 Gras-

267 2411 300 2476 ci
328 2411 415 2475 enim
444 2412 582 2476 eosdem
609 2418 665 2476 τῶν
688 2411 776 2498 lypis
802 2414 935 2478 nomine
965 2413 1148 2498 aliquando
1171 2411 1368 2497 appellant?

266 2511 447 2578 Hactenus
473 2514 545 2578 ille.
590 2513 734 2579 Poterat
756 2515 859 2578 etium
885 2515 1020 2593 addere,
1042 2517 1212 2581 contraria
1235 2515 1367 2579 ratione

266 2613 469 2696 ‘cognatos'
483 2635 620 2699 quoqne
642 2615 778 2679 nomine
801 2623 978 2699 parentum
1001 2615 1164 2698 insigniri.
1208 2613 1267 2679 Sic
1286 2633 1320 2678 v.
1334 2632 1366 2679 c.

265 2711 480 2799 Capitolinus
493 2717 530 2779 in
546 2715 596 2779 M.
612 2714 742 2780 Pbilos.
758 2717 791 2778 tr.
813 2719 824 2748 ‘
840 2714 1005 2782 Omnibus
1026 2717 1220 2801 parentibus
1232 2716 1304 2781 suis
1319 2717 1366 2799 [is

267 2825 379 2884 autem
391 2818 523 2902 pridem
540 2817 710 2882 extinctus
725 2823 809 2893 erat,
834 2815 893 2900 qui
915 2836 993 2883 eum
1014 2817 1191 2901 genuerat]
1214 2837 1365 2884 reveren·

760 3029 868 3084 NO'l'AE

300 3163 309 3190 ¹
325 3157 452 3210 ‘Gallus’
462 3173 553 3210 nomeu
570 3160 703 3226 proprium
718 3161 797 3211 amici
835 3160 950 3222 Gallum,
960 3153 1182 3214 contrasue'tonii
1200 3162 1365 3228 seutentiam,

205 3229 208 3241 '
265 3236 795 3302 Propertil,bauddsrbieliotumr.⁶.81.
834 3235 879 3300 qut
894 3249 952 3286 enm
970 3251 1004 3287 ex
1023 3237 1113 3287 humili
1131 3237 1163 3286 ad
1182 3237 1364 3301 praefecturam

265 3322 294 3360 x.
313 3315 339 3361 5.
356 3314 396 3359 1³.
413 3324 444 3362 rr.
461 3314 502 3362 2⁰.
518 3315 543 3361 1.
583 3311 662 3362 Certe
682 3325 732 3361 non
753 3318 795 3361 est
834 3313 940 3377 AEgypti
951 3312 985 3362 ab
996 3313 1277 3378 Angustoprovectnm
1288 3320 1363 3363 autn-

264 3385 459 3436 confnndendua
477 3400 535 3436 cum
554 3387 650 3436 celebri
668 3387 712 3436 illo
730 3386 794 3436 Cor·
834 3393 889 3436 mat
901 3387 927 3437 ln
944 3388 1042 3438 Oetsr.
1053 3387 1104 3437 do?
1137 3387 1260 3451 Ejusdem
1274 3394 1363 3437 tamen

263 3461 333 3512 uello
351 3461 438 3524 Gallo,
452 3461 637 3526 Foroiuliense,
655 3461 794 3526 Elegnmm
834 3461 930 3527 po‘e'tae,
945 3465 1000 3529 qui,
1021 3477 1116 3527 pruses
1132 3463 1250 3528 Egypti,
1267 3463 1364 3526 seipse

264 3537 401 3601 scriptore,
419 3543 448 3587 et
458 3537 629 3601 Euphorionis
641 3537 794 3588 Chalciden·
834 3537 1265 3603 mterraoit,memintt1³ropemns
1276 3551 1309 3589 rr.
1320 3540 1363 3606 μ.

264 3614 299 3663 aia
319 3613 469 3676 interprete.
519 3614 640 3678 Namque
665 3613 687 3661 is
717 3613 793 3675 paulo
832 3617 874 3663 91.
918 3612 961 3663 Ab
985 3622 1095 3679 utroquo
1116 3613 1231 3664 diversus
1251 3622 1291 3664 est
1318 3613 1364 3662 ille

263 3688 387 3754 grandior
397 3694 461 3738 natu
472 3687 586 3752 ridetur,
604 3701 681 3753 quatu
698 3695 728 3737 nt
738 3703 792 3738 om·
832 3689 994 3755 propinquus
1005 3689 1150 3753 Propertii,
1166 3690 1193 3738 in
1204 3689 1273 3739 bello
1282 3690 1365 3740 Peru·
1450 3743 1457 3760 ,

262 3764 411 3814 aialocain
422 3778 480 3814 eum
498 3765 560 3816 satis
580 3763 713 3814 commode
732 3778 792 3814 oon·
833 3766 891 3817 sino
901 3768 1008 3828 ocrim,
1027 3767 1100 3832 quua
1111 3766 1142 3816 dt
1150 3767 1328 3833 mentium.
1336 3771 1363 3818 7.

263 3839 377 3890 veniant.
420 3838 497 3890 Adde
512 3841 580 3906 quod
600 3841 623 3890 is
637 3841 693 3904 jam
712 3840 747 3892 A.
759 3841 793 3892 U.
831 3842 950 3893 Tandem
967 3842 1059 3893 Gallus
1070 3857 1171 3907 quoqne
1182 3848 1223 3891 eat
1233 3841 1301 3891 filius
1312 3842 1364 3892 Ar·

262 3919 319 3966 717.
328 3915 481 3980 Lycoridem
492 3929 563 3967 snam
574 3917 703 3967 amiserat.
720 3917 792 3968 Male
832 3918 888 3981 riu,
897 3916 980 3968 frater
991 3919 1112 3981 Luperci,
1121 3918 1165 3983 qni
1173 3917 1287 3968 concidit
1298 3924 1363 3967 anta

262 3991 343 4056 igitur
352 3993 444 4043 Densa
455 3994 485 4045 F.
496 3994 529 4043 ad
541 4008 560 4044 r.
573 3999 597 4044 s.
607 3995 664 4043 *Μ
675 3995 732 4045 Nec
742 3994 792 4046 tibi
832 3995 924 4061 aquilus
933 4001 1015 4044 rostra
1023 4001 1131 4044 omenta
1139 4009 1179 4044 rr.
1188 3999 1212 4043 1.
1220 3998 1261 4044 06.
1272 3993 1362 4043 Buris.

263 4065 383 4118 nobilltas
403 4070 500 4134 poterit
511 4083 664 4132 succurrere
675 4071 791 4133 amanti,'
832 4070 875 4123 cs.
891 4078 920 4121 et
934 4071 1075 4122 Burmann.
1090 4071 1118 4121 in
1130 4070 1210 4121 Obsa.
1227 4070 1260 4120 ad
1279 4070 1361 4134 l’rop.

263 4143 370 4194 scribit:
387 4146 478 4196 ‘Hinc
496 4147 592 4197 veteris
611 4149 738 4213 prosapias
758 4165 790 4200 ae
830 4152 887 4200 ni.
904 4145 980 4196 Kaia·

263 4221 401 4272 multarum
424 4221 559 4286 imaginum
579 4231 689 4289 apparet
711 4224 790 4275 irrisae
