3034 4775
271 310 314 373 44
549 325 633 373 sex.
659 324 748 373 sun.
774 322 977 371 assessuri
1003 322 1092 368 vrrs

410 634 414 645 ,
621 578 654 629 Α.
663 580 696 630 U·
707 580 738 631 C.
749 582 807 630 m
840 578 1023 642 Propertius.

538 658 627 709 cm
638 658 800 710 Octavianus
809 658 859 709 vl.
891 656 1108 725 ltdgrippall.

317 771 387 835 Hic
404 786 453 833 vr.
474 770 621 836 Caesaris
637 771 819 837 Octaviani
835 773 1031 837 consulatus
1049 772 1197 837 mamare
1209 773 1372 839 nombilis

274 881 329 938 est
356 873 400 936 ob
430 891 596 938 summum
625 873 774 939 studium
806 872 900 957 quod
926 874 1094 957 impendit
1119 874 1224 952 vitiis,
1247 875 1373 959 quibus

276 972 425 1039 Romani
449 974 494 1039 ob
517 976 680 1041 benorum
692 976 863 1041 licentiam
884 972 1069 1039 assuefacti
1081 974 1223 1051 suanm,
1237 976 1374 1057 penitus
1503 1011 1504 1016 κ

188 1150 190 1161 ¹
275 1074 450 1152 elidendis,
466 1076 665 1142 etmeribus
688 1077 883 1142 melionirns
908 1075 1171 1141 introducendis.
1213 1075 1374 1140 Summus

275 1177 377 1257 igitur
389 1176 446 1241 ille
460 1176 634 1263 Princeps,
652 1178 801 1264 perfecta
813 1178 879 1243 hoc
894 1156 984 1242 anne
999 1196 1151 1253 censura,
1177 1176 1375 1242 solennibus
1503 1151 1504 1182 ³

276 1276 452 1342 sacrificiis
476 1276 634 1345 Romano
654 1298 745 1344 more
767 1280 909 1344 lustrum
931 1276 1056 1354 cendit,
1080 1276 1182 1343 ludos
1209 1275 1375 1342 Actiacos

275 1379 539 1462 quinquennales
565 1380 711 1461 exhibet,
741 1379 895 1469 Apollini
916 1379 950 1443 in
974 1377 1108 1442 Palatio
1121 1377 1375 1460 tempiumcum

276 1480 479 1546 bibliotheca
491 1481 622 1566 perficit
643 1502 685 1548 ac
707 1482 856 1561 dedicet,
870 1480 1033 1562 variaque
1046 1485 1211 1562 praeterea
1222 1479 1376 1563 ordinat3

276 1582 423 1647 maxime
437 1600 529 1661 vero,
543 1584 688 1667 primum
701 1582 861 1661 omnium,
871 1582 979 1665 legem
994 1579 1035 1645 de
1042 1579 1242 1645 maritandis
1252 1580 1376 1646 ordini·

275 1682 341 1747 bus
350 1681 436 1747 ferre
451 1691 610 1763 senatun
624 1705 725 1769 quam
736 1684 858 1773 deinde
867 1684 1043 1766 repetitam
1053 1678 1170 1747 decem
1179 1683 1375 1764 annispeet,

277 1780 322 1846 A.
336 1781 381 1846 U.
402 1784 479 1849 ⁷87.
503 1786 624 1849 itemm
644 1785 733 1861 tulit,
762 1789 799 1849 ut
819 1788 937 1848 auctor
957 1788 1010 1847 est
1032 1782 1112 1860 Dio,
1132 1800 1241 1866 neque
1263 1788 1376 1847 nmen

278 1882 382 1949 etiem
404 1890 474 1949 tum
497 1903 568 1967 pree
593 1884 804 1952 multitudine
824 1883 1052 1949 recusantium
1071 1884 1215 1967 perferre
1239 1883 1376 1967 potuit;

278 1983 386 2049 denec
400 1983 537 2051 taudem
552 1992 632 2070 post
646 2006 754 2052 annos
776 2004 906 2051 rursum
926 1986 982 2051 25.
1005 1984 1121 2050 eadem
1143 1984 1203 2049 lex
1216 1984 1376 2069 perterre-

138 2118 141 2125 *
277 2090 342 2162 tur,
356 2084 467 2170 Papio
488 2086 610 2152 Mutilo
634 2094 670 2153 et
686 2086 730 2166 Q.
746 2086 903 2171 Poppaeo
918 2085 1017 2151 Coss
1031 2088 1121 2152 unde
1135 2105 1178 2151 ea
1189 2087 1248 2151 lex
1263 2086 1376 2169 Papia

279 2186 445 2269 Poppaea,
459 2190 507 2252 nti
518 2193 552 2253 et
565 2188 589 2252 J
591 2189 660 2255 ulie
674 2188 793 2266 audiit,
809 2188 966 2272 qnoniam
973 2188 1047 2271 jam
1057 2192 1154 2252 antee
1165 2206 1188 2253 a
1199 2187 1271 2254 Jul.
1284 2187 1375 2253 Ges.

279 2292 409 2353 tentata
421 2288 548 2370 firerat3
579 2308 648 2373 qun
664 2290 707 2355 de
727 2291 812 2372 lege,
826 2297 951 2373 prester
964 2296 1108 2365 ceteros,
1123 2288 1275 2372 inprimis
1289 2288 1376 2353 Hei·

279 2389 443 2466 uectium,
468 2389 565 2455 docte
588 2411 629 2455 ac
645 2391 793 2456 dilucide
807 2389 878 2474 egit
890 2391 946 2456 Je.
960 2390 1049 2473 Aug.
1065 2391 1227 2470 Bactrius,
1241 2389 1376 2456 inHist.

279 2489 424 2573 Jurispr.
440 2490 542 2556 Rom.
558 2507 613 2556 111.
630 2494 660 2557 1.
674 2493 764 2558 Sect.
780 2509 821 2556 11.
836 2493 864 2578 §.
878 2493 910 2556 7.
926 2512 1001 2575 sqq.

324 2590 364 2654 In
375 2589 463 2657 hunc
477 2583 574 2674 igitur
589 2613 710 2659 aunum
723 2595 798 2660 726.
815 2592 957 2676 scriptio
972 2591 1099 2676 Elegiae
1111 2595 1144 2658 7.
1158 2592 1218 2657 lib.
1235 2606 1278 2656 rr.
1292 2591 1377 2656 inci·

280 2692 339 2757 dat
351 2709 493 2757 necesse
508 2701 573 2772 est,
588 2695 688 2779 cujus
700 2697 816 2761 statim
829 2695 962 2760 initium
975 2699 1081 2760 ‘certe
1095 2692 1276 2760 sublataru’
1290 2693 1378 2758 hanc

278 2793 384 2876 legem
399 2781 458 2859 eii.
476 2830 482 2840 ι
502 2793 556 2858 De
582 2796 768 2880 posteriore
787 2795 922 2861 demum
936 2794 1024 2878 legis
1037 2793 1140 2879 hujus
1153 2793 1300 2859 serendae
1321 2813 1378 2858 co-

279 2901 361 2958 natu
376 2892 421 2961 A.
436 2894 481 2960 U.
497 2895 573 2962 787.
598 2899 743 2982 cogitare
766 2897 918 2982 prohibet
938 2895 1016 2961 finis
1037 2896 1186 2960 maxime
1208 2894 1378 2960 servitutis

207 3063 210 3068 ,
281 2995 536 3078 quinquennalis
560 2997 738 3082 Propertii,
754 2998 827 3081 J’am
849 3004 921 3062 tum
941 2995 1052 3061 factus
1064 2997 1268 3061 necessarie.
1309 2993 1378 3059 Ac·

204 3100 209 3112 '
280 3093 382 3171 cedit,
396 3095 486 3177 quod
501 3103 572 3161 tum
585 3097 733 3163 sortasse
750 3098 825 3180 jam
836 3097 997 3162 thesauro
1013 3095 1138 3162 Orcivo
1161 3096 1284 3175 tradite
1304 3095 1379 3160 iue-

282 3199 333 3258 rat
351 3192 504 3278 cynthia.
548 3197 681 3262 Etenim
710 3197 831 3280 Elegia
858 3200 890 3261 7.
917 3197 975 3261 lib.
1005 3214 1054 3260 ιν.
1080 3199 1116 3261 in
1138 3196 1224 3261 iliud
1248 3207 1379 3280 tempus

281 3293 428 3360 incidere
458 3295 602 3362 videtur.
648 3295 757 3380 idque
780 3315 822 3360 eo
842 3297 951 3360 mistus
974 3296 1114 3361 dubium
1136 3298 1278 3374 videtur,
1301 3315 1379 3360 cum

281 3395 478 3478 Propertius
506 3399 580 3481 ipse
603 3418 742 3483 quoque
762 3398 853 3463 haud
875 3399 927 3462 ita
948 3397 1055 3462 multo
1073 3407 1153 3482 post
1172 3399 1208 3462 in
1222 3399 1378 3464 libitinae

282 3515 420 3562 censum
441 3498 566 3565 relatus
589 3500 642 3562 sit.
686 3497 769 3564 Vid.
799 3497 911 3582 Lipsii
933 3497 1018 3562 Enc-
1040 3497 1081 3564 G.
1105 3499 1147 3563 ad
1162 3498 1247 3564 Tac.
1263 3498 1306 3562 A.
1321 3514 1379 3564 ιιι.

281 3617 318 3681 p.
332 3597 407 3663 7³9„
423 3618 497 3683 sqq.
513 3599 592 3665 edit.
608 3600 758 3665 Gronov.
773 3599 834 3684 qui
848 3604 971 3664 *temen
989 3598 1141 3682 Elegiam
1154 3600 1188 3664 7.
1202 3598 1261 3662 lib.
1277 3615 1320 3664 rt.
1331 3599 1380 3663 ad

283 3697 327 3763 Α.
341 3698 417 3764 tae.
432 3699 566 3764 demum
580 3699 690 3778 refert,
706 3719 774 3765 non
788 3708 843 3766 sat
856 3707 1028 3766 accurate.
1293 3729 1296 3734 ·

326 3799 368 3866 In
382 3799 523 3868 eundem
540 3819 673 3884 quoque
687 3819 808 3866 anuum
822 3800 943 3866 incidit
955 3800 1095 3883 scriptio
1115 3799 1209 3884 meg.
1223 3799 1277 3866 31.
1290 3800 1380 3884 ejus·

283 3901 359 3964 dem
371 3900 447 3964 libri
461 3899 611 3978 secundi,
627 3919 704 3983 quse
722 3901 765 3966 de
781 3901 899 3984 templi
914 3899 1064 3983 Apollin.
1077 3900 1285 3967 dedicatione
1300 3901 1379 3982 agit.

285 3999 337 4065 cs.
352 4001 387 4066 in
405 4019 482 4064 eam
495 4019 562 4067 rem
578 4001 692 4086 Heyu.
712 4003 749 4084 in
772 4003 845 4068 vit.
862 4001 983 4084 Virgil.
1003 4001 1151 4067 chronol.
1167 3999 1210 4064 ad
1224 4001 1315 4066 hunc
1329 4001 1381 4084 ip

284 4120 359 4166 sum
373 4119 511 4167 annum.
