3034 4775
254 308 321 375 216
581 324 611 373 s.
634 322 792 373 suunuu
819 323 1019 373 reorsnru

256 464 375 533 cedite
384 468 466 553 jam,
488 468 601 547 Divae,
622 485 709 551 quus
723 475 841 551 pnstor
853 465 985 531 videret
998 466 1080 533 clim

299 568 404 635 Idteis
418 569 565 635 tunicum
578 589 701 654 ponere
716 568 908 634 verticibus.

254 734 326 799 Dea,
341 748 400 799 psas
409 736 525 799 pwsdns
540 739 624 799 pestes
633 735 660 785 iu
671 734 741 798 iugis
752 735 839 785 urstis
849 736 901 785 lde
910 733 1040 799 merit,
1056 732 1169 785 desinite
1179 748 1250 785 nunc
1265 693 1352 785 ιιιιιι

253 944 369 995 sdssdnt
379 942 472 995 Heius.
483 944 562 995 Certe
572 946 682 997 Mentel.
695 946 810 997 Boehrids
818 946 897 995 esdh.
921 944 1003 994 Prius
1017 943 1117 994 Germ.
1127 941 1231 993 verret!
1265 943 1356 995 Brut.

254 1010 298 1075 qni
315 1016 427 1057 nostrum
446 1008 553 1058 exhibet
567 1010 630 1061 lect.
661 1010 844 1073 ‘Marsi-iopes
858 1009 917 1059 estis
929 1010 993 1059 Exc.
1004 1009 1075 1057 Sesl.
1084 1015 1113 1058 et
1124 1006 1197 1057 Mod.
1208 1006 1248 1056 sel
1259 1007 1354 1057 omum

255 1071 349 1149 copule
368 1072 492 1149 Mauris·
507 1072 567 1122 sutis
589 1074 673 1151 Neep.
694 1072 822 1150 Grnuing.
843 1074 917 1123 Celh.
934 1076 959 1123 2.
977 1087 1048 1121 meus
1064 1076 1089 1123 2.
1106 1078 1134 1122 et
1153 1071 1229 1119 Voss.
1245 1075 1269 1119 1.
1286 1074 1310 1119 1.
1326 1071 1354 1147 in

253 1134 766 1266 ‘ega-:umghscffi'zahzffiffl
777 1138 1048 1253 fflotjgrcxrlsislsis
1068 1135 1174 1249 ιιἱοιάοιιῗ
1214 1132 1356 1261 mut:

254 1264 304 1315 suis
314 1261 393 1313 Aldd.
404 1262 486 1314 Culin.
498 1264 592 1315 Rouill.
603 1265 703 1331 Gryph.
715 1272 743 1315 et
753 1266 812 1315 ulie
829 1263 889 1313 edd.
901 1263 970 1328 quod
982 1262 1144 1313 retinendum
1155 1267 1261 1325 putssse
1272 1260 1355 1310 Aure·

255 1336 312 1378 tum
323 1333 459 1377 souuerse
467 1326 494 1379 J.
506 1328 607 1391 Druse,
617 1338 644 1379 et
656 1329 737 1379 intelli
757 1328 818 1379 end.
829 1328 862 1377 ds
871 1328 1000 1391 hlinerve,
1010 1342 1067 1392 qne
1078 1327 1117 1377 its
1130 1326 1203 1375 dlets
1212 1326 1245 1375 nh
1257 1324 1354 1389 oppido

254 1392 336 1441 Seits.
370 1389 422 1440 Sed
433 1398 554 1442 errsrnnt
567 1394 611 1457 qui
629 1394 671 1444 hic
690 1344 775 1443 Saldis
785 1406 878 1443 nomeu
896 1392 1024 1442 hllnerste
1039 1390 1216 1440 ehtrnserunt.
1249 1388 1355 1452 ltnjsm

255 1456 316 1505 elim
333 1454 442 1505 Volscus
461 1461 489 1505 et
506 1456 659 1521 Beroaldus,
680 1457 726 1522 qui
740 1472 795 1522 seq.
813 1470 887 1507 versu
903 1457 981 1520 prins
997 1455 1023 1505 lu
1040 1456 1094 1505 snis
1108 1455 1262 1503 invenerunt
1278 1452 1355 1502 codd.

254 1519 365 1584 ideoque
376 1524 511 1584 exponunt
525 1520 558 1570 de
569 1520 698 1583 Minerva,
707 1534 776 1585 que,
785 1528 864 1570 nutes
875 1518 957 1584 virgo,
969 1518 1003 1568 sd
1013 1520 1098 1568 lecum
1108 1516 1234 1568 Boeheidn
1245 1517 1354 1580 primum

256 1598 315 1634 cnm
335 1582 467 1634 Mercurio
489 1584 631 1635 cousuevit.
674 1584 707 1635 Id
726 1585 802 1634 vnlds
819 1584 930 1633 silenum
952 1583 1073 1644 abitror,
1094 1589 1122 1632 et
1140 1589 1213 1631 recte
1232 1588 1354 1647 tunquam

255 1647 436 1712 &psaltim
453 1647 572 1712 rejicitur
586 1662 602 1697 ι
617 1649 723 1698 Muretu
738 1654 767 1698 et
783 1648 940 1698 Pssserstio.
972 1648 1017 1697 De
1032 1646 1192 1709 Proserpins
1208 1659 1278 1703 veru,
1295 1659 1355 1707 quse

255 1712 346 1761 Brimo
355 1718 406 1772 est,
416 1718 528 1762 constet.
560 1712 681 1763 Ueturio
691 1713 781 1762 enselis
795 1710 886 1761 heidd.
900 1711 974 1761 Voss.
985 1715 1010 1761 d.
1034 1710 1133 1759 Durus.
1152 1708 1216 1759 usk.
1231 1707 1355 1772 [Dresd.]

255 1782 284 1825 et
303 1788 375 1824 mens
394 1779 418 1824 1.
434 1782 462 1825 et
481 1775 519 1823 sic
535 1775 631 1826 Venet.
650 1780 676 1827 h.
693 1783 721 1825 et
736 1776 819 1839 Rheg.
845 1774 950 1825 Deinde
970 1774 1085 1823 Bedeidns
1098 1774 1172 1823 Borr.
1189 1780 1218 1821 et
1236 1770 1297 1820 edd.
1313 1786 1355 1834 pr.

255 1836 370 1887 hdeidus
379 1838 442 1889 Vnt.
452 1844 477 1887 d.
493 1836 566 1887 leid.
584 1842 610 1889 8.
629 1840 713 1905 Regg.
730 1848 758 1889 et
769 1838 845 1889 colb.
857 1844 881 1888 1.
898 1837 1006 1887 dsheidm
1020 1840 1082 1902 nsei,
1091 1836 1136 1885 sed
1148 1843 1221 1886 recte
1232 1835 1357 1885 Boehet'dss
1407 1882 1412 1895 ,

255 1900 403 1951 Ριιι.ι.ι.
416 1900 540 1965 Grouiug.
556 1902 660 1965 eliiqne.
692 1903 811 1952 Brleidcs
823 1901 850 1951 in
861 1901 922 1953 edd.
933 1902 1054 1964 antiquis.
1085 1898 1356 1961 Snsclis,utlnSesli·

291 1965 313 2013 ri
324 1964 449 2025 editione,
460 1966 501 2014 rel
512 1966 586 2015 sacris
600 1968 680 2029 endis,
696 1976 726 2016 nt
743 1967 914 2029 Passeratius,
931 1965 1020 2015 tritum
1036 1970 1064 2013 et
1074 1979 1209 2014 commune
1219 1962 1356 2025 epitheton

286 2028 368 2078 elusio
384 2030 535 2092 apparuisse
554 2030 667 2094 videtur,
684 2032 747 2095 quis
765 2031 801 2081 N.
817 2030 899 2093 Prop.
919 2045 945 2094 p.
962 2032 1020 2079 619.
1035 2029 1136 2093 legend.
1151 2028 1264 2093 conjecit
1280 2026 1319 2077 Μ.
1330 2032 1357 2076 el

252 2091 375 2156 petrinus.
387 2092 481 2142 Rubris
491 2094 523 2143 ud
532 2096 615 2153 esda,
625 2094 695 2159 quod
705 2110 720 2145 ι
731 2094 814 2144 veteri
823 2095 865 2144 vel
872 2100 981 2158 recepte
988 2094 1118 2154 scripture
1124 2093 1230 2142 nimium
1243 2090 1355 2141 recedit:

256 2164 284 2205 et
295 2163 382 2207 tumen
392 2156 481 2205 usmis
495 2158 573 2219 sudis,
588 2158 650 2208 licet
660 2158 694 2208 de
704 2158 737 2207 iis
748 2157 869 2208 dubitare
879 2165 952 2207 vetet
962 2157 1147 2218 procursurum,
1156 2154 1277 2219 paludem
1289 2155 1357 2204 hunc

255 2220 372 2269 limosum
383 2219 502 2282 epitheto
513 2220 589 2269 ulmis
600 2229 674 2271 certe
687 2221 831 2272 honorifico
846 2228 874 2271 et
890 2228 998 2285 augusto
1010 2229 1040 2270 ut
1049 2222 1181 2271 ornsverit
1191 2219 1356 2282 Propertius,

256 2284 301 2333 vix
313 2300 329 2333 s
339 2296 380 2331 me
390 2282 655 2347 impetruepussum,
665 2294 695 2337 ut
708 2286 824 2335 credens.
853 2285 912 2335 vid.
929 2286 1009 2348 igitur
1026 2300 1060 2333 uu
1080 2284 1184 2349 propius
1201 2283 1233 2332 sd
1251 2283 1356 2346 genium

255 2346 458 2411 Propertienum
473 2352 581 2400 secedet
593 2350 631 2400 Μ.
649 2351 739 2400 Ossoer's
753 2350 810 2414 (nel
827 2349 933 2412 om)
947 2349 972 2410 f.
988 2348 1114 2398 Boeheidss
1127 2346 1212 2398 unuu:
1231 2353 1261 2396 ut
1273 2346 1356 2396 Ossan

255 2413 351 2462 Buleie
360 2412 471 2474 dicetur,
482 2413 543 2477 quie
553 2413 586 2463 sd
596 2414 688 2465 Ossam
697 2423 811 2465 montem
819 2423 876 2463 eret
888 2415 944 2463 hec
955 2414 1028 2475 pnlus
1038 2413 1268 2476 'lhessslie‚jnxrs
1278 2411 1358 2460 Luce·

256 2477 330 2536 risu,
341 2484 432 2541 poster
444 2475 579 2539 Larissam,
590 2477 682 2529 Pheris
692 2479 785 2527 vicine.
811 2479 895 2526 Primo
911 2492 978 2528 omn.
994 2476 1050 2525 fere
1068 2475 1144 2525 cedd.
1161 2485 1191 2525 ut
1207 2476 1278 2525 etin
1294 2473 1356 2522 edd.

256 2541 355 2604 priscis.
381 2541 522 2590 Verissime
539 2543 675 2590 'Ihrruehus
694 2541 799 2592 Brimo!
818 2543 907 2591 Burm.
941 2543 1002 2591 Non
1012 2539 1139 2590 diffitetur
1150 2541 1230 2589 Kuin.
1240 2539 1357 2601 iugenio·

255 2619 309 2655 sem
327 2617 384 2654 esse
402 2605 544 2654 Burmanni
564 2606 633 2668 conj.
653 2620 736 2670 neque
754 2613 844 2655 temen
862 2619 896 2654 es
912 2604 951 2653 illi
972 2619 1034 2654 vers
1052 2605 1164 2653 ridetur.
1198 2603 1249 2652 ‘lu
1268 2603 1358 2652 metis

255 2669 453 2733 acquiescemus
470 2670 542 2727 licet.
553 2669 600 2720 sed
614 2669 703 2720 edditn
713 2676 747 2732 et,
758 2669 806 2730 [sc.
817 2671 856 2721 M.
866 2674 891 2718 el
904 2669 1004 2731 mertis]
1021 2683 1099 2732 quem
1114 2668 1206 2728 scripti
1224 2670 1356 2729 ignorent.

255 2734 352 2782 Verum
374 2747 433 2782 esse
460 2732 565 2784 ἰιιιιι1ἰι
583 2733 660 2783 nolim
680 2733 924 2794 contenderemus
944 2748 1031 2782 omnes
1047 2740 1144 2794 preter
1162 2731 1273 2780 Mentel.
1294 2729 1357 2780 huni

254 2798 369 2847 hahesnt
385 2796 424 2846 M.
434 2799 502 2848 sniis.
531 2797 672 2862 Utrumque
683 2797 838 2861 scripturum
850 2797 1001 2845 Csiderinus
1012 2802 1204 2857 commemorat,
1216 2811 1231 2844 ιι
1247 2810 1298 2858 quo
1315 2801 1357 2843 est

255 2861 320 2911 lect.
331 2861 369 2910 M.
381 2860 456 2911 Sais!
489 2861 593 2911 Lucium.
610 2863 654 2927 qul
672 2863 756 2911 Brisrn
776 2861 962 2910 vindicet-18
979 2861 1090 2909 ‘Credite
1106 2860 1206 2909 Guuru.
1225 2860 1308 2907 Elinsr
1319 2857 1357 2908 id.

256 2933 284 2973 et
295 2924 390 2975 Dresd.
401 2925 496 2975 Vener.
507 2931 536 2975 et
547 2925 608 2976 Ald.
619 2927 653 2975 l.'
670 2926 758 2975 Barth.
795 2925 892 2975 credits
907 2929 932 2974 et
946 2941 961 2972 s
976 2925 1011 2974 D.
1027 2925 1101 2974 held.
1113 2929 1137 2974 1.
1172 2923 1270 2972 Credite
1284 2924 1358 2971 etim

255 2989 331 3038 Voss.
344 2993 367 3037 1.
379 2995 405 3038 4.
422 2989 523 3038 Durus.
534 2990 623 3040 Burni.
634 2993 658 3038 1.
671 3005 729 3039 euru
745 2989 855 3039 vetustis
871 2988 932 3038 edd.
961 2990 1058 3037 Credite
1076 2989 1186 3037 Mentel.
1215 2989 1300 3036 Cedite
1315 2999 1358 3034 sss

255 3052 318 3103 Vet.
329 3057 354 3101 ll.
371 3053 448 3104 Voss.
458 3056 482 3101 1.
509 3053 563 3104 Sed
574 3060 706 3118 receptum
722 3055 785 3105 lect.
800 3068 852 3103 nun
870 3067 927 3104 esse
944 3053 1091 3103 sulicitsud.
1103 3052 1255 3116 pronuntiet
1265 3053 1357 3101 Burm.

749 3179 857 3231 Nom

254 3280 371 3337 seculus,
390 3275 434 3341 qui
457 3275 548 3326 dicunt
573 3275 740 3326 vehementer
769 3291 786 3326 ι
824 3283 913 3326 moute
929 3275 994 3338 Ids;
1011 3276 1056 3326 uhi
1071 3275 1214 3327 secundum
1227 3277 1356 3326 Venerem

255 3351 416 3416 Proserpins
432 3353 599 3416 perterritum
617 3350 697 3402 fuisse
716 3352 786 3402 Mer·
825 3353 981 3402 sententian
993 3352 1062 3415 tulit,
1081 3352 1183 3417 ipsique
1197 3353 1293 3402 malum
1313 3367 1358 3402 su-

255 3428 364 3491 entium,
373 3440 432 3477 cum
449 3427 499 3491 ipsl
519 3426 568 3477 vim
586 3427 666 3479 vellet
678 3425 785 3490 inferre,
826 3442 899 3477 num
910 3430 982 3478 seint
997 3428 1187 3493 pulcherrime,
1200 3436 1230 3478 ut
1240 3428 1357 3480 victurio

255 3503 326 3554 unde
334 3509 452 3554 etatem
463 3501 661 3568 mnuilnciuure
675 3503 784 3554 deterri·
825 3501 936 3565 signum,
945 3501 1117 3566 sdjudlcsuit.
1140 3502 1298 3552 florentem
1307 3501 1357 3550 Ps-

255 3586 297 3628 tus
307 3585 356 3629 est.
827 3577 891 3628 ridis
905 3578 1035 3642 judicium
1055 3577 1120 3629 sdeo
1141 3577 1228 3642 potitis
1247 3579 1358 3642 aliisque

289 3657 320 3703 1³
336 3653 419 3716 Dieae,
439 3667 497 3717 prins
518 3657 601 3716 pastos
626 3651 733 3716 videret]
761 3654 786 3704 0
827 3653 995 3717 scriptoribus
1005 3659 1048 3703 est
1062 3653 1233 3715 celebratum,
1242 3660 1272 3703 nt
1281 3652 1358 3702 dees

254 3729 329 3793 Dee,
343 3745 407 3795 ques
425 3731 486 3780 olim
505 3737 595 3793 pretor
611 3730 686 3780 Puris
703 3730 784 3781 undss
828 3730 904 3794 plnre
913 3728 1003 3779 dicere
1013 3743 1234 3793 supersecenenm
1244 3727 1302 3779 t‘nre
1311 3743 1359 3793 pn·

254 3805 395 3872 couspenit
414 3804 441 3854 in
463 3811 551 3856 monte
573 3805 630 3870 lde,
647 3807 729 3856 nolite
751 3807 785 3858 de
826 3813 919 3855 temus.

254 3880 446 3944 pulchritudine
467 3887 496 3931 ct
517 3878 600 3930 forms
627 3883 785 3932 contendere
861 3884 892 3929 1⁴
908 3879 983 3929 Iuleis
999 3880 1105 3930 tersisset
1119 3895 1207 3945 posen
1221 3879 1359 3944 uerticibus]

254 3970 312 4007 cum
326 3957 446 4022 Cynthis.
481 3955 620 4014 Jnuonenu
644 3955 787 4021 Pelledenr,
827 3953 860 4003 In
872 3955 1007 4005 cacumine
1017 3956 1111 4006 mentis
1128 3957 1184 4006 ide
1195 3958 1222 4006 in
1234 3956 1359 4021 Phrygis,

236 4031 238 4036 ’
255 4039 282 4082 et
292 4033 422 4083 Venerem
432 4032 633 4095 intelligit,quss
645 4031 720 4082 Peris
729 4048 787 4097 pus·
827 4042 878 4078 non
889 4032 979 4092 procul
990 4031 1024 4080 sh
1040 4031 1105 4081 urhe
1119 4033 1207 4096 lhnjs,
1216 4033 1262 4083 uhi
1271 4041 1360 4097 puter

256 4112 298 4155 tor
313 4108 347 4158 de
366 4107 559 4173 pulchritudine
574 4113 602 4156 et
619 4105 708 4156 sermm
720 4123 787 4172 prae·
826 4103 902 4153 Ριῐί·
922 4119 1015 4167 grece!
1037 4114 1066 4157 et
1085 4115 1204 4158 emente
1222 4109 1359 4172 pucehu.

255 4184 352 4235 stsutis
369 4185 544 4247 disceptentes
566 4183 649 4234 nudus
673 4185 738 4236 vidit
759 4187 786 4237 in
827 4181 879 4232 Or.
892 4183 941 4244 Ep.
957 4181 1083 4234 Helenes
1100 4183 1150 4234 ‘ln
1167 4185 1229 4236 ultis
1248 4185 1359 4237 sellibns
