3034 4775
607 404 816 456 PRAEHTIO.

527 774 891 844 EXCERPTA

252 1002 289 1079 a
329 1003 379 1085 c.
412 999 749 1097 incurreram
790 1000 1168 1081 remansione.
1289 962 1292 966 ⁷

580 1220 847 1243 m

163 1348 265 1443 Curi
288 1379 511 1465 intelligerem
533 1382 662 1467 priores
676 1381 829 1458 criticos,
843 1394 972 1458 omues,
985 1377 1046 1463 qui
1059 1381 1189 1455 mana
1203 1395 1262 1443 coa

161 1480 256 1547 dices
271 1481 511 1567 Propertianos
529 1490 680 1549 recentes
695 1481 943 1566 pronuntiasse,
962 1485 1154 1556 contentos,
1166 1478 1263 1544 nullo

160 1580 287 1649 dilectu
301 1583 403 1663 lecto,
411 1603 497 1649 nunc
511 1602 557 1650 ex
569 1583 649 1661 hoc,
657 1602 746 1647 nunc
754 1602 799 1648 ex
812 1582 874 1648 illo
889 1582 1074 1667 scripturae
1087 1579 1263 1662 elegantiae

160 1683 298 1767 quidem
312 1685 427 1769 speeie
441 1705 508 1751 non
521 1704 597 1753 raro
611 1682 866 1763 blandientes,a
880 1682 999 1749 ceteris
1012 1700 1092 1748 vero
1104 1682 1263 1747 omuibus

159 1788 360 1871 plerumque
374 1787 459 1853 miro
480 1787 583 1853 modo
598 1786 843 1870 discrepantes,
858 1802 977 1850 secum
997 1783 1083 1848 satis
1096 1781 1263 1867 recipere3

159 1906 304 1973 cumque
317 1908 378 1973 ego
400 1889 437 1953 id
458 1890 585 1955 criticre
607 1907 711 1973 genus
731 1888 832 1954 valde
851 1886 1017 1952 lubricum
1037 1904 1080 1950 ac
1093 1885 1263 1969 periculo·

106 1980 109 1987 ’
159 2008 236 2055 sum
258 1990 475 2075 deputarem
496 1992 609 2059 visum
631 1996 686 2057 est
707 1990 791 2055 milri
812 1991 848 2056 iu
869 2008 940 2055 rem
961 1986 1117 2054 omuibus
1134 1993 1264 2062 notam

160 2090 221 2157 scd
245 2091 421 2159 intentiore
445 2112 527 2159 cura
549 2093 662 2159 adhuc
688 2092 860 2176 indignam
881 2092 1001 2169 uisam,
1023 2108 1076 2167 eo,
1097 2106 1168 2173 quo
1187 2088 1262 2155 lieri

160 2200 289 2276 posset,
314 2193 427 2259 studio
449 2194 624 2279 inquirere.
669 2192 819 2273 Scilicet,
841 2212 921 2258 curn
941 2193 1028 2258 inter
1048 2209 1166 2256 omnes
1180 2208 1263 2255 con·

159 2298 273 2373 staret,
295 2296 431 2362 saeculis
455 2294 729 2380 postdeoimum
759 2299 880 2378 quarto
905 2294 1093 2378 quintoque
1112 2291 1206 2357 uiros
1227 2294 1263 2355 in

159 2393 274 2473 ltalia,
287 2403 328 2462 ut
348 2395 485 2463 illorum
506 2405 696 2482 temporum
717 2397 807 2462 ratio
827 2396 969 2474 ferebat,
994 2393 1213 2460 doctissimos
1228 2395 1263 2458 in

159 2497 315 2563 omnibus
328 2516 425 2582 paene
436 2497 711 2583 scriptoribus,in
723 2497 779 2562 his
792 2501 906 2562 autem
916 2515 1067 2563 umorum
1079 2492 1263 2561 triumviris

158 2598 375 2666 emendandis
389 2599 423 2668 J.
436 2601 460 2666 J
462 2646 471 2667 .
486 2600 680 2668 Pontenum
693 2617 767 2683 prae
777 2599 900 2665 ceteris
913 2617 982 2663 uon
997 2617 1079 2675 saue
1091 2596 1262 2663 infelicem

158 2719 296 2784 operam
309 2703 477 2786 posuisse,
491 2711 640 2772 ceterum
660 2703 769 2768 mirlta
789 2720 858 2767 non
872 2700 1043 2767 intellecta
1056 2719 1079 2765 a
1093 2718 1131 2764 se
1145 2717 1263 2783 perpe

158 2821 231 2868 ram
244 2808 279 2868 et
292 2804 385 2868 inani
399 2806 642 2890 temanrioque
657 2811 785 2870 conatu
799 2801 1170 2880 immumrneehomm
1182 2817 1266 2866 vero

158 2910 351 2969 commenta
365 2905 401 2968 in
414 2921 514 2982 nove,
523 2924 601 2988 ques
611 2923 656 2968 ex
670 2921 787 2968 comm
800 2903 981 2968 codicibus
989 2901 1262 2980 describerentur,

157 3005 315 3088 exempla
336 3005 531 3071 metisse:
563 3023 664 3071 nemo
680 3011 803 3071 temen
825 3004 979 3070 inventus
1004 3009 1069 3084 est,
1092 3004 1153 3089 qui
1174 3003 1262 3069 hanc

157 3123 226 3170 rem
241 3109 301 3170 aut
314 3105 380 3172 hes
395 3105 521 3189 politas
535 3125 578 3173 ea
592 3105 802 3189 caradignos
817 3111 978 3186 censeret,
992 3114 1041 3187 ut,
1052 3107 1111 3192 qui
1126 3105 1262 3172 codices

157 3212 303 3272 veterem
317 3229 358 3274 ac
374 3207 539 3274 sinceram
554 3197 755 3294 scripturam
767 3214 924 3288 tenerent,
932 3210 992 3294 qui
1006 3227 1028 3274 a
1041 3209 1155 3274 doctis
1163 3207 1262 3273 Italis

157 3309 344 3394 interpolati
358 3316 487 3389 essent,
502 3311 583 3378 dote
595 3329 699 3396 opera
713 3329 755 3376 ac
771 3308 921 3394 diligenti
936 3309 1061 3375 mentis
1079 3309 1262 3375 intentione

156 3411 381 3494 investigaret.
425 3410 511 3477 Hoc
522 3430 603 3477 vero
617 3411 647 3476 si
669 3411 800 3476 facturn
813 3411 947 3490 fuisset,
961 3411 1102 3478 dubium
1115 3429 1186 3476 non
1200 3413 1262 3486 est,

157 3513 238 3597 quin
261 3513 321 3579 illa
343 3513 492 3579 carmina
509 3511 710 3597 jamdudum
734 3513 851 3579 multis
874 3511 1030 3598 partibus
1058 3511 1199 3578 meliora
1227 3514 1262 3574 et

156 3614 316 3698 pristinae,
331 3633 433 3700 quam
448 3613 492 3681 ab
507 3614 700 3681 auctoribus
722 3615 796 3682 suis
810 3621 1023 3701 acceperant,
1037 3613 1156 3681 formio
1168 3612 1261 3678 haud

156 3716 396 3800 paulominus
424 3714 606 3782 dissimilia
627 3717 773 3782 habituri
798 3737 962 3784 essemus.
1010 3716 1127 3797 Quam
1154 3716 1262 3780 multa

156 3819 246 3884 enim
260 3818 407 3884 editores
421 3818 658 3884 immutaturos
674 3817 783 3884 fuisse
806 3823 917 3902 putes,
932 3819 965 3886 si
979 3819 1162 3886 scivissent
1175 3817 1262 3882 inter

157 3928 240 3986 ecto
266 3919 541 3986 Brouklrusiauos
564 3918 737 4004 Propertii
761 3920 898 3987 codices
920 3923 1007 3988 duos
1030 3926 1171 3999 autum,
1194 3925 1260 3985 tres

157 4029 341 4106 quatuorve
355 4043 400 4087 ex
413 4023 479 4102 his,
493 4041 636 4106 quorum
653 4021 824 4105 Excerptu
838 4023 1030 4097 Burmanno
1042 4027 1168 4108 praesto
1184 4021 1259 4087 lue·

156 4127 232 4188 runt
252 4122 386 4208 (habuit
400 4131 515 4191 autem
529 4131 688 4190 epotatus
704 4123 796 4189 lectt.
809 4124 968 4190 librorum
982 4122 1084 4189 sermo
1097 4122 1259 4213 triginta),

156 4224 193 4290 in
207 4223 362 4291 codicum
376 4246 443 4293 uon
458 4227 595 4315 quidem
613 4225 813 4311 optimorum
828 4230 887 4294 eut
901 4225 1111 4310 antiquorum
1126 4224 1259 4311 (omnes
