3034 4775
527 384 576 433 uu
601 382 824 457 rnoeaq'rro.
1182 370 1229 438 eo

122 532 170 596 ibi
185 529 311 616 quippe
326 528 448 594 multas
464 529 637 614 glomerari
648 530 738 609 licet,
752 528 854 595 immo
865 546 947 595 vero
960 532 1101 615 oportet·
1146 529 1226 596 Hoc

125 633 159 695 iu
181 650 298 715 genere
319 622 455 694 libane
478 635 618 719 praestet
638 631 738 713 longe
757 628 967 716 Propertius,
984 630 1021 695 in
1035 650 1105 715 quo
1119 631 1227 716 major

124 736 188 811 est,
202 750 302 817 quum
317 731 353 797 in
369 730 489 810 altero,
503 730 648 815 politicae
662 729 858 796 eruditionis
872 730 1038 815 supellex.

341 901 477 988 Caspar
490 902 660 981 Barthius,
678 896 860 967 Adversar.
876 916 932 967 rx.
946 900 1003 966 lo.
1146 904 1155 919 '

39 1096 49 1119 ι
169 1034 329 1100 Dulciore
342 1034 526 1100 eruditione
536 1038 568 1099 et
578 1031 763 1103 eruditiore
776 1034 952 1107 dulcedine
965 1053 1066 1101 nemo
1082 1022 1230 1119 scriptor

24 1121 44 1153 '⁹
125 1141 180 1200 est
195 1141 267 1209 tote
281 1136 483 1218 antiquitate
497 1142 574 1201 ante
595 1134 817 1220 Propertium,
832 1154 933 1221 quem
948 1136 1145 1220 scriptorem
1160 1156 1229 1221 quo

127 1238 237 1319 magis
250 1236 436 1315 rimaberis,
449 1256 491 1302 eo
504 1237 612 1320 magis
628 1237 778 1319 amabis3
800 1257 878 1321 quae
888 1238 977 1303 enirn
985 1240 1095 1323 primo
1107 1239 1231 1305 intuitu

128 1338 327 1405 obscuriore
352 1337 562 1417 ridebuntur,
586 1357 629 1403 ea
650 1338 681 1404 si
704 1326 944 1423 penetraveris,
968 1340 1114 1406 omniurn
1137 1339 1233 1405 vide·

128 1440 250 1505 buntur
268 1438 412 1503 naturali
437 1439 586 1523 quadam
607 1438 740 1513 Venere
752 1440 1023 1523 gratiosissima·
1049 1441 1104 1507 Ita
1117 1447 1232 1507 autern

129 1548 162 1605 te
178 1538 279 1605 velim
293 1538 381 1603 huno
392 1537 534 1603 Podtarn
545 1540 734 1624 exquirere,
744 1546 784 1605 ut
797 1540 881 1604 nulli
891 1548 962 1605 tam
975 1560 1090 1623 parem
1101 1542 1231 1619 credas,

129 1659 232 1727 quam
257 1640 391 1704 sibimet
412 1639 500 1724 ipsi:
524 1660 601 1724 quse
621 1640 746 1724 regula,
771 1659 848 1705 cum
871 1641 1028 1706 omnibus
1049 1643 1232 1727 praecipuis

129 1740 356 1825 scriptoribus
374 1738 615 1823 sitgenerelis,
630 1740 741 1825 primo
749 1747 867 1806 tamen
880 1741 959 1806 loco
974 1741 1121 1824 quadam
1137 1746 1234 1827 quasi

130 1843 231 1908 Genii
253 1842 400 1927 alicujus
423 1844 652 1927 singularitate
671 1844 750 1910 huic
769 1843 950 1909 convenire
963 1844 1073 1927 magis
1087 1844 1233 1925 uidetur,

131 1962 232 2029 quam
246 1944 375 2010 ceteris.
397 1972 398 1977 ¹

536 2073 632 2180 Idem
649 2128 783 2203 xuxrr.
798 2090 831 2180 9.
857 2190 862 2199 ‚

179 2236 311 2328 Quodsi
332 2254 367 2314 et
392 2264 578 2331 prucorum
601 2246 735 2332 quidem
761 2247 821 2311 sed
845 2199 994 2313 menime
1015 2198 1234 2335 locupletium

135 2350 271 2417 testium
289 2349 486 2416 accessione
492 2350 604 2436 juvari
618 2350 777 2428 velimus,
797 2368 862 2415 uon
880 2350 1019 2416 deerunt
1030 2352 1134 2417 etiam
1148 2371 1236 2437 pree·

134 2452 335 2518 slentissimi
349 2452 541 2536 scriptores,
550 2453 611 2536 qui
625 2452 802 2518 nobiscum
810 2453 960 2518 sentiant.
999 2453 1235 2538 ingeniosissi-

134 2571 211 2619 mus
230 2561 267 2618 et
284 2553 532 2633 limatissimus,
546 2554 650 2621 etiam
662 2554 913 2620 eruditissimus
927 2556 1073 2638 scriptor
1086 2560 1139 2620 est
1153 2554 1236 2619 Pro-

134 2655 276 2740 pertius,
289 2654 486 2720 Grrnoururn
497 2656 734 2738 elegantiarum
747 2657 819 2720 sine
832 2656 908 2734 pari
917 2673 1042 2737 parus
1051 2663 1088 2720 et
1097 2662 1236 2719 amator.

135 2755 186 2821 At
207 2756 265 2821 ille
287 2759 482 2820 nascentem
502 2760 585 2818 turn⁴
597 2757 742 2838 primum
764 2753 942 2818 AEueidem
963 2775 1031 2820 non
1051 2774 1163 2838 parem
1178 2754 1238 2844 sed

135 2856 279 2942 prlorem
295 2855 396 2921 lliadi
409 2873 531 2938 ponere
545 2873 612 2918 non
627 2853 768 2932 dubitat,
781 2855 875 2920 velut
897 2873 1048 2938 paeonem
1069 2860 1146 2939 poet
1168 2855 1238 2920 vic·

137 2957 262 3021 teriam
273 2954 365 3019 Latii
378 2971 514 3033 canens,
529 2953 611 3017 dum
624 2953 812 3020 exclamat:

224 3055 344 3122 Gedite
359 3053 504 3120 Romani
518 3053 714 3138 scriptores,
727 3054 840 3121 cedite
854 3055 967 3122 Graii:

268 3156 399 3224 Nescio
413 3156 495 3240 quid
509 3155 621 3241 meins
635 3156 789 3223 nescitur
804 3157 922 3225 Iliade.

301 3327 399 3393 Idem
412 3325 595 3393 Animadv.
610 3327 654 3394 ud
668 3327 792 3414 Papin.
806 3328 900 3414 Sylv.
916 3346 939 3394 r.
953 3329 988 3396 2.
1002 3329 1077 3396 253.

185 3461 322 3527 Summa
337 3460 419 3554 leus
435 3460 614 3545 Propertio
628 3459 709 3526 data
723 3463 759 3526 in
773 3461 878 3546 Elego
892 3465 1049 3545 carmine,
1063 3465 1240 3530 multomru

137 3563 278 3650 judicio.
323 3562 511 3627 verissime
535 3562 667 3628 Plinius
693 3561 855 3630 Caecilius
881 3583 935 3630 rx.
958 3565 1024 3650 Ep.
1044 3565 1099 3630 22.
1122 3567 1242 3649 proeci-

114 3663 292 3751 'punniu
308 3662 435 3747 Elegia,
450 3671 585 3745 tersum,
596 3665 745 3744 mollem,
756 3665 955 3750 jucundum,
964 3665 1062 3732 dixit
1108 3665 1242 3730 Addeu·
1380 3725 1391 3748 ⁰
1499 3703 1502 3711 -

144 3769 223 3834 dum
246 3765 382 3833 omnino
408 3783 430 3830 a
455 3765 604 3831 doctriua
625 3769 853 3850 praeconium
882 3773 935 3833 est
956 3767 1045 3832 enim
1066 3766 1167 3832 simul
1187 3765 1243 3831 his

144 3867 566 3950 eruditissimusscriptor:
588 3885 727 3951 prorsus
751 3865 888 3933 Tibullo
906 3886 972 3934 nou
984 3866 1242 3951 comparandus,

145 3970 205 4054 qui
219 3987 309 4034 mera
323 3973 357 4033 et
375 3968 532 4033 inumata
549 3967 749 4052 simplicitas
767 3975 832 4046 est,
851 3967 937 4033 udeo
956 3971 1069 4032 tamen
1087 3965 1248 4048 eandida,-

145 4070 302 4147 delieeta,
316 4069 436 4148 nitide,
446 4077 481 4134 et
495 4070 662 4146 amabilis,
674 4073 712 4133 ut
724 4089 789 4134 neo
802 4070 877 4153 ipse
886 4069 918 4132 is
932 4075 1050 4132 auctor
1062 4067 1123 4132 ulli
1135 4069 1244 4150 possit

147 4170 349 4254 comparari,
364 4170 485 4236 nedum
497 4170 686 4258 Propertio,
702 4171 762 4254 qui
776 4170 916 4236 aliarum
931 4168 1103 4235 Venorum
1114 4177 1177 4234 est.

211 4287 298 4354 Delpl.
306 4295 330 4339 rt
347 4287 405 4340 Ver.
416 4287 480 4338 clu.
648 4287 761 4353 Ptoprrt.
1154 4287 1178 4334 Ε
