3034 4775
504 460 576 511 rra
599 458 725 515 anuos
749 460 936 513 nicusus·
978 484 983 493 ·
1220 456 1264 520 51

165 604 289 671 solatur
310 604 356 671 ob
378 602 558 692 Glyceram
580 607 624 673 ab
647 606 716 671 alio
738 614 950 693 praereptam,
972 606 1091 698 (1.,06.
1105 609 1177 697 66.)
1190 618 1265 679 tan.

166 726 268 790 quem
281 710 447 775 seniorem
461 728 537 773 eum
549 706 716 786 describit,
726 709 783 773 cui
794 708 908 794 junior
921 712 1137 795 praenituerit.
1160 713 1265 800 Atqui

163 807 262 881 bomo
276 810 336 875 60.
355 812 410 876 vel
435 811 538 875 etiam
561 809 615 875 26.
638 827 809 890 annorum,
826 812 857 876 si
872 811 952 877 Diis
966 812 1092 896 placet,
1106 812 1192 901 (vid.
1205 817 1265 882 Ti·

161 910 250 979 bulli
264 912 379 980 Vitam
394 914 436 979 ab
445 902 639 997 Ayrmenuo
653 909 782 996 datam)
795 912 941 977 noudum
954 915 991 978 iu
1004 914 1194 1000 decrepitis,
1210 927 1268 985 aut

164 1015 196 1079 is
222 1016 339 1081 baberi
363 1020 485 1099 potest,
508 1016 566 1099 qui
583 1013 774 1099 juvenculae
798 1016 969 1081 uxorculae
995 1016 1140 1083 officium
1168 1039 1269 1085 suurn

165 1117 308 1200 probare
322 1137 388 1182 nou
404 1118 549 1202 amplius
573 1117 690 1200 possit,
711 1137 788 1182 cum
811 1120 997 1199 praese'rtim
1011 1119 1121 1185 forma
1135 1126 1188 1186 sat
1201 1124 1268 1189 ele·

166 1224 263 1301 geute
275 1216 433 1285 Tibullus
456 1224 557 1297 esset,
580 1218 699 1285 eodem
724 1218 868 1284 Horatio
882 1225 968 1284 teste
981 1220 1005 1285 l.
1022 1239 1052 1285 c.
1066 1221 1174 1308 Epist.
1188 1224 1222 1287 4.
1236 1226 1269 1289 6.

167 1320 338 1405 Imposuit
351 1322 433 1387 viris
448 1322 559 1387 doctis
572 1339 694 1386 nomeu
710 1322 726 1397 *Ἴ
732 1319 885 1406 juvenis’
899 1322 935 1385 in
952 1312 1107 1387 Carmine
1124 1324 1269 1392 Domitii

168 1420 275 1488 Marsi
297 1427 348 1489 sat
372 1430 454 1489 noto
477 1443 518 1488 ac
543 1423 744 1489 decantato:
767 1422 992 1506 ‘Te'quoque
1006 1422 1150 1507 Virgilio
1164 1429 1270 1492 comi·

167 1532 236 1589 tem
259 1544 329 1591 uon
351 1545 462 1608 aeque,
491 1525 637 1601 Tibulle,
655 1524 753 1588 Mors
774 1523 932 1607 juvenem
951 1545 1088 1609 campos
1108 1529 1211 1595 misit
1224 1530 1270 1594 ad

167 1621 307 1709 Elysios
318 1625 337 1691 τ’
361 1647 436 1691 cum
451 1646 518 1691 nou
537 1625 779 1702 meminissent,
789 1624 954 1709 juvenum
971 1646 997 1692 s.
1008 1627 1182 1711 juniorum
1198 1649 1270 1714 ap·

166 1728 349 1812 pollutione
373 1728 548 1809 insignitos
563 1727 638 1810 jam
652 1725 730 1789 iude
755 1746 778 1790 a
800 1726 907 1791 Servii
929 1727 1032 1793 Tullii
1051 1731 1269 1814 temporibus,

168 1846 313 1912 quorum
327 1833 410 1895 setas
423 1847 543 1893 aunum
555 1825 702 1891 noudum
715 1826 771 1892 46.
787 1847 1001 1909 supergressa
1015 1836 1117 1894 esset·
1161 1831 1271 1898 Simili

167 1929 296 1995 ratione
318 1930 500 1995 Sallustius
515 1929 555 1997 0.
571 1928 740 1995 Gaesarem
755 1928 976 1995 Pontificatus
997 1932 1137 1997 maximi
1153 1933 1270 1999 candi·

168 2034 287 2098 datum
301 2032 355 2096 66.
370 2052 476 2098 anuos
490 2038 606 2098 uatum
621 2033 911 2098 adolescentulum
926 2026 1084 2098 vocavit:
1099 2033 1169 2099 vid·
1180 2035 1270 2101 Geli.

168 2131 270 2199 Noct.
297 2132 369 2199 Att.
398 2152 433 2199 v.
457 2134 512 2200 28.
558 2134 691 2214 Quodsi
714 2152 794 2198 vero
817 2152 879 2218 pro
904 2140 998 2198 certo
1016 2135 1122 2198 teneri
1146 2142 1272 2217 potest,

169 2232 315 2300 Carmen
326 2234 452 2300 Tibulli
462 2236 607 2319 primum
622 2254 690 2299 sec.
706 2232 936 2318 Ayrmauuum
950 2235 1147 2300 inciderem
1162 2236 1206 2301 A.
1225 2238 1270 2303 U.

167 2336 245 2404 726.
261 2355 430 2421 qnoanno
448 2337 601 2404 Messala
615 2338 734 2402 coneul
747 2335 829 2416 fuit3
852 2334 944 2418 quod
958 2335 1130 2401 heroicum
1144 2345 1217 2420 est3
1239 2347 1273 2406 et

165 2423 391 2522 sequentibus
415 2441 547 2505 demum
574 2439 681 2515 anuis,
707 2435 886 2519 usquead
910 2434 956 2502 A.
972 2437 1017 2502 U
1031 2438 1109 2504 727.
1136 2438 1273 2522 Elegiae

170 2541 299 2624 passim
329 2541 537 2622 compositas
566 2538 750 2603 abeodem
772 2536 891 2615 luisse,
920 2557 940 2600 e
964 2545 1083 2604 nostra
1111 2558 1274 2606 annorum

169 2643 416 2725 computatione
430 2641 529 2706 simin
545 2640 735 2723 apparebit,
752 2659 829 2704 cum
850 2640 1021 2724 Propertii
1047 2640 1216 2724 Cynthia'
1200 2663 1275 2727 Jam

170 2742 216 2809 A.
233 2742 278 2809 U.
293 2743 371 2810 724.
401 2743 501 2821 edita,
525 2749 559 2808 et
577 2748 650 2808 tcto
673 2742 748 2806 loro
776 2742 865 2806 lecte
883 2742 996 2819 fuerit,
1018 2741 1185 2806 Nostrum
1207 2761 1275 2808 uon

169 2846 292 2928 injuria
304 2851 462 2929 tauquam
477 2847 622 2930 primum
637 2863 674 2908 se
683 2845 874 2929 jactitasse,
894 2843 953 2925 qui
975 2841 1089 2924 Elegis
1110 2844 1154 2908 ad
1177 2843 1275 2910 Gras-

171 2965 289 3012 corum
305 2948 498 3031 exemplum
517 2944 703 3010 scribendis
716 2963 855 3027 operam
870 2942 1010 3020 dederit,
1024 2943 1136 3026 poete
1149 2946 1275 3012 lamam

171 3070 250 3116 cum
272 3051 389 3135 primis
403 3049 577 3125 affectans,
593 3045 685 3130 quod
707 3045 865 3111 Tibullus
886 3063 953 3108 uou
978 3047 1100 3111 fecisse
1123 3048 1275 3131 videtur3

171 3153 229 3234 (ef.
246 3154 356 3239 Heyu.
377 3151 478 3218 Praei.
496 3151 541 3216 ad
559 3148 638 3215 Tib.
654 3150 682 3234 §.
696 3150 743 3228 4.)
766 3147 852 3212 uude
877 3145 1021 3212 fortasse
1043 3150 1144 3214 etiam
1168 3171 1275 3235 neque

173 3255 331 3339 Augusti,
359 3273 468 3339 neque
493 3251 695 3318 Maecenatis
720 3251 870 3316 levorem
894 3251 1061 3333 captavit.
1095 3250 1149 3316 cf.
1170 3251 1276 3337 Prop.

171 3361 230 3423 ιιι.
244 3359 276 3422 1.
291 3357 323 3422 6.
338 3362 372 3422 ct
385 3377 461 3442 quae
476 3356 527 3420 ibi
549 3354 593 3419 ad
617 3353 691 3419 vit.
713 3352 818 3436 Vulp.
833 3355 951 3416 notate
964 3350 1161 3418 iudicemus.
1205 3354 1278 3433 Sic,

170 3462 212 3524 ut
224 3460 289 3524 boe
304 3458 438 3535 addam,
453 3458 511 3522 diu
527 3462 605 3521 ente
617 3455 784 3538 AEsopum
799 3453 916 3518 fabula
929 3453 973 3516 ab
988 3453 1156 3536 Hesiodo,
1171 3456 1277 3522 Stesi-

169 3561 290 3638 eboro,
305 3566 339 3625 et
351 3560 429 3624 aliis
444 3563 616 3643 usurpata,
625 3565 764 3642 propter
778 3556 903 3640 AEsopi
914 3555 1166 3639 frequentiorem
1179 3579 1277 3626 usum

175 3661 321 3747 AEsopia
335 3661 402 3726 dici
413 3663 530 3746 coepit.

217 3763 272 3827 De
285 3763 442 3846 sepulcro
459 3760 633 3845 Propertii,
647 3759 830 3825 recentiore
838 3760 971 3828 detecte
982 3763 1145 3828 memoria
1145 3721 1279 3845 ,pauca

169 3865 243 3949 jam
259 3864 453 3949 adjicienda
467 3863 628 3929 videntur.
673 3862 760 3927 Cum
781 3864 956 3947 probabile
971 3866 1029 3944 sit,
1044 3885 1120 3928 eum
1134 3865 1171 3928 iu
1185 3863 1278 3944 ville,

174 3985 277 4050 quam
295 3968 431 4033 baberet
454 3967 498 4032 ab
521 3967 637 4031 urbem
662 3967 820 4049 patriam,
841 3968 1013 4051 sepultum
1038 3966 1153 4044 lirisse,
1177 3967 1277 4050 plane

172 4087 242 4135 nou
268 4069 398 4148 dubito,
424 4067 612 4155 quiaillud
640 4067 847 4152 sepulcrum,
871 4071 963 4153 quod
992 4067 1036 4134 A.
1063 4067 1159 4166 1722.
1185 4071 1278 4153 apud

177 4167 388 4252 Hispellates
414 4176 587 4254 repertum·
604 4168 678 4247 fuit,
703 4187 780 4234 vere
808 4171 854 4235 sit
871 4170 1052 4253 ,Propertii
1078 4171 1277 4266 sepulcrum.

176 4267 246 4334 Sed
261 4271 401 4352 agedm
422 4277 526 4338 totam
550 4271 749 4337 relationem
773 4271 814 4337 de
836 4271 901 4339 bae
916 4272 1104 4361 detectione
1127 4291 1278 4358 appono·
