3034 4775
630 396 835 444 enarrarre.
1254 384 1275 444 5

59 568 61 573 ·
179 531 245 624 quo
258 560 315 605 ore
330 542 403 625 ejus
413 530 606 625 deturpato,
620 530 747 604 ta'ntaru
759 538 994 603 deformitatem
1003 539 1156 617 intulerit,
1171 545 1209 603 ut
1220 541 1274 604 sui

177 642 277 724 plana
301 642 472 706 dissimilis
495 642 668 706 vocandus
695 641 737 703 sit
762 639 971 723 Propertius.
1025 638 1164 705 Constat
1185 644 1275 705 enim

176 742 263 806 inter
277 762 400 820 omnes,
415 749 541 825 quanta
560 742 705 807 audacia
720 740 865 822 Scaliger
878 760 953 805 eum
969 742 1004 804 iu
1018 742 1104 806 alios
1119 751 1273 808 auctores

176 851 316 919 veteres,
329 852 399 908 tum
413 846 450 907 in
470 844 675 928 Propertium
684 863 830 926 quoque,
840 850 955 907 contra
965 843 1022 927 jus
1033 844 1153 926 fasque
1164 864 1272 921 omne,

176 950 348 1027 grassatus
362 944 473 1022 lirerit,
488 952 524 1008 et
536 950 740 1026 quantopere
755 944 887 1025 ingenio
900 944 954 1007 vel
963 945 1077 1028 potius
1088 946 1273 1011 morositati

176 1064 257 1122 suae,
271 1046 306 1107 in
333 1042 590 1131 transponendis
613 1047 694 1110 totis
707 1046 868 1123 distichis,
883 1051 918 1111 et
941 1065 1007 1109 non
1023 1047 1131 1110 solum
1147 1066 1190 1110 ex
1205 1066 1272 1111 una

174 1145 279 1227 elegia
294 1148 327 1210 in
342 1147 492 1225 alteram,
506 1146 564 1211 sed
580 1154 616 1211 et
638 1166 682 1211 err
704 1147 788 1211 libro
801 1167 869 1211 uno
891 1150 924 1210 iu
944 1148 1082 1212 alterum
1104 1148 1271 1229 trajicien-

175 1249 239 1325 dis,
255 1250 435 1315 indulserit.
480 1251 522 1315 In
533 1269 703 1334 quosaepe
714 1251 826 1315 mirari
842 1252 943 1315 subiit
954 1252 1100 1315 animum
1111 1252 1270 1329 hominis,

175 1352 232 1433 qui
248 1351 313 1414 sibi
336 1350 420 1443 adeo
445 1352 658 1434 gratularetur
674 1354 709 1415 in
723 1352 789 1416 hoc
811 1353 939 1417 nefario
960 1353 1093 1430 scelere,
1108 1361 1142 1416 et
1163 1354 1197 1415 in
1212 1353 1271 1417 de·

173 1452 352 1535 scriptores
363 1453 520 1517 librorum
535 1460 678 1517 veterum
690 1456 915 1519 acerbissimis
925 1455 1037 1518 verbis
1052 1454 1270 1518 inveheretur.

173 1550 231 1615 Sic
244 1554 331 1616 enim
346 1555 380 1617 in
402 1556 569 1638 prooemio
592 1554 767 1634 Castigatt.
783 1556 816 1617 in
828 1553 928 1638 Prop.
952 1559 963 1587 ‘
979 1552 1049 1630 Qui
1064 1552 1197 1630 autem‚'
1219 1555 1271 1617 in·

173 1653 256 1736 quit,
281 1658 292 1686 ‘
306 1653 390 1718 illud
405 1654 589 1738 [exemplar
609 1653 789 1737 Propertii]
803 1654 979 1738 descripsit
992 1656 1130 1737 primus,
1144 1674 1197 1718 aaa
1211 1655 1270 1718 ille

117 1764 121 1773 ’
172 1753 286 1817 audax
317 1744 376 1819 aut
403 1755 571 1838 negligens
603 1754 703 1818 horno
727 1752 810 1820 init:
839 1774 926 1833 nam,
957 1760 1075 1838 praeter
1099 1755 1269 1820 innumera

170 1855 302 1934 menda,
318 1856 441 1939 quibus
455 1861 558 1920 toturn
569 1854 691 1919 librum
705 1855 978 1938 praestantissimi
990 1853 1107 1938 poeta,
1113 1858 1268 1940 aspersit,

169 1957 281 2035 magni
297 1957 434 2021 sceleris
450 1976 488 2021 se
504 1955 675 2037 obligavit,
696 1974 773 2019 curn
787 1955 822 2018 in
837 1956 985 2019 secundo
1012 1963 1049 2020 et
1069 1957 1169 2021 tertio
1181 1958 1268 2023 libro

171 2057 316 2139 integras
338 2058 477 2139 paginas
499 2064 532 2123 et
553 2076 709 2139 magnum
730 2050 909 2120 nnmerum
922 2074 1078 2122 versuum
1104 2075 1167 2121 suo
1190 2058 1268 2123 loco

170 2158 345 2236 luxaverit,
359 2166 396 2223 et
409 2158 546 2223 infinitis
559 2160 644 2223 loeis
659 2178 797 2241 magnas
812 2160 970 2223 tenebras
984 2157 1156 2223 offuderit:
1179 2158 1268 2225 adeo

170 2264 208 2323 nt
229 2260 395 2325 neminem
412 2280 488 2325 esse
502 2268 614 2344 putem
635 2258 752 2345 (libere
777 2262 865 2325 eninr
881 2259 968 2344 quod
991 2260 1100 2323 sentio
1120 2259 1268 2338 fatebor)

170 2360 227 2443 qui
242 2360 329 2427 bunc
343 2360 477 2446 poetam
494 2362 527 2426 iu
550 2361 698 2426 secundo
713 2362 798 2427 libro
812 2362 878 2428 nisi
894 2382 953 2446 per
975 2362 1163 2443 caliginem,
1177 2360 1268 2443 qnod

170 2461 304 2542 dicitur,
318 2465 491 2546 intelligat.
536 2463 612 2529 Nos
621 2464 718 2547 primi
733 2484 809 2529 eam
819 2464 1099 2549 perturbationem
1113 2481 1266 2528 versuum

169 2564 301 2628 odorati
315 2584 448 2629 sumus:
472 2564 1082 2631 etbenenobissuccessitlaboriste.'
1105 2564 1266 2629 Similiter

168 2667 211 2731 sd
228 2683 265 2730 rr.
288 2667 339 2730 El.
353 2667 406 2732 30.
443 2665 692 2732 ‘Pulcherrima
717 2669 816 2751 hujus
834 2669 951 2752 politae
975 2667 1080 2748 elegia
1100 2667 1266 2730 mirumin
1397 2679 1402 2697 ·

168 2774 253 2850 quot
270 2768 418 2831 membra
433 2766 595 2832 distracta
608 2770 661 2846 sit,
676 2776 712 2836 ut
725 2772 824 2834 mirer
838 2769 918 2854 qnid
933 2769 966 2831 in
981 2775 1122 2831 mentem
1137 2768 1266 2832 venerit

165 2868 241 2931 istis
254 2863 509 2955 βιβλιοστςίβλαις
524 2869 582 2950 qui
606 2889 669 2933 non
684 2872 781 2954 prius
803 2877 946 2934 mentem
962 2867 1078 2933 Poetae
1094 2868 1265 2949 diligenter
1383 2893 1387 2900 ·

166 2957 418 3051 perpenderent,
438 2987 538 3052 quam
554 2969 626 3033 haec
647 2972 694 3034 ita
709 2971 751 3035 de
775 2973 846 3035 suis
861 2971 996 3034 sedibus
1011 2969 1134 3052 injuste
1152 2967 1263 3032 detur*

166 3069 303 3134 natent!
346 3069 532 3149 Ambabus,
554 3072 642 3155 quod
669 3075 770 3150 aiunt,
792 3074 959 3155 largimur,
982 3072 1134 3155 potuisse
1157 3060 1263 3132 totam

166 3169 312 3253 aliquam
339 3171 497 3254 paginam
521 3173 557 3236 in
593 3171 689 3238 codd.
716 3175 861 3258 antiquis
898 3173 1079 3255 transponi,
1104 3171 1263 3252 illiusque

164 3272 369 3335 restitutione
384 3273 556 3355 scriptoris
571 3275 748 3356 integritati
761 3275 901 3351 consuli,
915 3274 1003 3357 quod
1018 3274 1052 3336 iu
1075 3271 1225 3335 Luciano
1240 3289 1262 3334 a

165 3371 315 3436 Gesnero
337 3371 463 3436 facturn
478 3380 630 3454 constat3
653 3377 802 3453 atenim,
817 3383 854 3439 ut
872 3375 1033 3460 ejusmodi
1047 3373 1262 3455 trajectiones

163 3491 366 3554 concoquas,
380 3473 496 3556 quales
511 3475 662 3558 Scaliger
675 3478 834 3560 suscepit,
849 3483 883 3541 et
895 3477 927 3540 in
942 3477 1065 3559 quibus
1084 3475 1153 3537 ima
1172 3492 1261 3536 sum·

163 3573 238 3649 mis,
254 3573 417 3656 quadrata
435 3577 585 3640 rotundis
600 3578 788 3655 miscentur,
809 3577 975 3661 Spartano
989 3577 1087 3659 plane
1103 3591 1193 3656 opus
1208 3579 1261 3637 est

163 3675 347 3739 stomacho.
391 3675 457 3739 Sed
486 3678 542 3741 hic
572 3699 672 3763 porro
701 3667 870 3762 estquod
899 3679 1065 3753 miremur,
1090 3673 1260 3758 quomodo

161 3773 404 3852 Broukhusius,
419 3775 476 3861 qui
500 3799 617 3844 omnes
640 3781 808 3864 Propertii
821 3780 970 3844 Veneres
992 3777 1173 3851 imbiberat,
1189 3793 1259 3836 om·

159 3895 282 3958 aesque
301 3877 468 3942 literarum
487 3879 723 3960 elegantiorum
739 3879 919 3944 munditias
930 3878 1020 3942 haud
1037 3875 1258 3958 perfunctorie

159 3971 276 4040 doctus
301 3986 385 4055 erat,
415 3977 599 4061 Scaligero,
629 3981 771 4064 politicae
802 3981 993 4046 venustatis
1029 3994 1128 4040 seusu
1158 3976 1257 4058 plana

160 4075 331 4154 destituto,
346 4080 379 4141 in
394 4082 547 4145 omnibus
565 4081 619 4145 his
638 4083 889 4146 conthsionibus
906 4095 1064 4142 assensus
1086 4075 1138 4138 sui
1158 4078 1257 4157 qnasi

159 4173 330 4244 calcnlnm'
337 4179 481 4266 adjicere
495 4185 650 4267 potnerit,
662 4187 699 4250 ut
710 4185 758 4249 ita
770 4203 813 4248 eo
827 4182 934 4264 magis
942 4177 1042 4243 lucus
1053 4176 1145 4240 lieret
1154 4177 1256 4242 lecto·
