3034 4775
502 398 575 449 PER
600 400 725 449 ANNOS
751 399 922 450 mansu.

514 610 547 661 A.
560 611 593 660 U.
604 609 701 661 (1727.
734 608 918 672 Propertliffi.

430 689 517 740 Caerar
531 690 625 741 Octur.
637 689 700 740 Vll.
733 688 772 738 M.
783 689 901 753 Agrlppa
911 685 965 737 111.

210 801 357 885 Augusti
372 823 490 868 nomen
510 803 638 869 Caesari
663 802 852 868 Octaviano
872 802 991 866 datum
1005 819 1027 865 a
1041 804 1170 876 senatu,
1186 799 1263 865 Mu·

161 902 250 969 natii
279 903 400 967 Planci
422 905 576 993 inprimis
597 902 780 969 sententia:
807 902 875 967 vid.
899 900 1071 985 Heynium
1099 902 1121 965 l.
1136 920 1167 965 c.
1211 901 1264 965 De

162 1005 301 1069 nominc
315 1006 391 1088 ipso
403 1003 546 1087 ejusque
560 1010 728 1087 potestate
743 1002 919 1067 cousulant
927 1001 1070 1084 juvenes
1085 1001 1264 1066 Schwaraii

164 1103 361 1170 Observatt.
376 1105 419 1169 ad
434 1105 685 1189 Nieupoortum
697 1125 731 1187 p.
747 1104 822 1168 195.
838 1124 912 1188 sqq.
955 1093 1046 1168 Auta
1061 1103 1150 1167 hunc
1165 1104 1266 1187 igitur

163 1222 290 1269 anuum
316 1206 451 1289 scriptae
473 1225 537 1270 non
551 1224 626 1269 esse
641 1210 784 1287 possunt
797 1204 866 1269 illae
888 1204 1055 1288 Propertii
1069 1206 1174 1268 nostri
1189 1203 1266 1269 Ele-

165 1306 248 1386 gie,
274 1306 309 1369 in
331 1306 454 1388 quibus
476 1306 618 1370 nominis
643 1305 744 1390 hujus
763 1305 802 1370 fit
821 1306 969 1371 mentio:
991 1306 1034 1370 cf.
1050 1326 1082 1370 e.
1098 1326 1129 1372 c.
1146 1324 1186 1370 11.
1210 1308 1264 1371 10.
1352 1323 1355 1327 ·

163 1406 221 1471 15.
253 1424 310 1470 ιιι.
326 1407 378 1471 11.
393 1409 447 1472 50.
482 1424 536 1471 ιιι.
551 1408 605 1471 12.
619 1406 653 1471 2.
669 1409 729 1470 &c

514 1584 547 1635 A.
560 1587 593 1637 U.
606 1587 704 1636 6728.
736 1584 869 1648 Propertii
880 1589 921 1636 27.

380 1662 704 1729 CesarAugurtuerll.
735 1666 766 1715 Τ.
776 1664 894 1716 Statilius
906 1666 1008 1717 Τιιιιιιι
1019 1666 1057 1718 11.
1161 1711 1166 1722 .

214 1774 360 1842 Cornelii
374 1776 466 1842 Galli
480 1796 570 1841 mors
583 1776 789 1856 voluntaria3
808 1794 886 1859 quaa
901 1777 1027 1842 accidit
1040 1797 1119 1856 uon,
1138 1785 1176 1843 ut
1190 1780 1267 1845 He·

168 1878 302 1944 rationo
329 1878 500 1962 interpreti
529 1878 652 1961 placet,
679 1877 721 1942 A.
751 1877 796 1941 U.
818 1878 895 1942 724.
916 1898 1063 1963 namque
1085 1880 1268 1963 praefuerat

168 1979 292 2045 Gallus
308 1980 456 2063 AEgypto
471 1998 531 2063 per
553 1986 697 2062 quatuor
711 1997 832 2057 anuos,
847 1986 882 2044 et
900 1998 990 2044 anuo
1003 1982 1079 2045 724.
1095 1982 1266 2065 AEgyptus

168 2082 304 2145 demum
319 2082 494 2163 provincia
508 2080 664 2144 Romana
676 2079 770 2145 faeta
783 2087 846 2157 est,
869 2081 930 2145 sed
943 2100 1034 2156 anno
1055 2101 1077 2145 a
1089 2082 1187 2146 nobis
1205 2101 1267 2165 po·

171 2184 258 2247 sito:
282 2182 323 2245 cl.
347 2181 416 2245 Die
446 2198 527 2245 ι.ιιι.
573 2182 652 2246 Νοιι
674 2183 776 2265 igitur
798 2190 877 2247 aute
898 2183 984 2247 huuc
1003 2200 1126 2247 anuum
1140 2185 1269 2267 scripta

168 2292 226 2350 est
240 2282 332 2365 Eleg.
346 2284 401 2349 34.
416 2285 473 2349 lib.
490 2302 530 2348 ιι.
546 2292 681 2368 propter
693 2304 743 2349 vs.
758 2285 813 2349 91.
828 2304 878 2367 sq.
889 2285 1046 2375 inprimis
1068 2292 1146 2350 cum
1167 2288 1269 2351 ctiam

172 2384 338 2452 AEneidos
364 2384 557 2468 Virgilianae
578 2387 796 2451 honorificam
813 2389 1010 2450 mentionem
1025 2387 1130 2452 iaciat
1143 2386 1270 2452 Noster
1320 2376 1330 2391 ”

173 2506 226 2550 vs.
241 2489 294 2551 61.
311 2505 384 2570 sqq.
401 2486 475 2551 coll.
521 2487 606 2552 Vita
620 2486 715 2571 Virg.
733 2486 882 2552 chronol.
897 2487 941 2551 ad
961 2485 1003 2550 A.
1019 2487 1062 2552 U.
1077 2487 1153 2553 724.
1164 2489 1220 2553 fin.
1235 2495 1270 2553 et

174 2586 283 2672 Heyu.
297 2587 340 2651 ad
355 2587 433 2652 AEu.
452 2605 535 2656 vlu.
550 2589 624 2652 675.

522 2767 708 2818 6110770.
740 2765 873 2830 Propertii
883 2771 926 2818 20.

417 2847 504 2896 Cum
514 2847 645 2910 Augustus
658 2847 692 2896 Χ.
726 2846 756 2897 C.
769 2845 908 2897 Norbanus
919 2847 1039 2896 Flaccus.

219 2959 332 3023 AElius
355 2956 478 3022 Gallus
495 2955 677 3022 Arabicam
693 2958 842 3040 suscipit
854 2959 1119 3041 expeditionem
1141 2960 1201 3024 vix
1220 2969 1271 3026 ta·

176 3079 253 3124 meu
264 3079 324 3144 per
337 3059 507 3124 biennium
520 3059 554 3122 iu
568 3059 665 3123 terris
679 3057 746 3124 illis
760 3063 999 3138 commoratus,
1021 3061 1171 3138 maxima
1184 3061 1271 3128 mili·

175 3172 249 3226 tum
262 3167 370 3244 parte,
386 3160 501 3223 morbo
515 3158 663 3243 quodam
677 3157 827 3236 insolito,
838 3159 988 3243 nullique
996 3171 1152 3227 notorum
1159 3163 1271 3240 simili,

174 3265 313 3339 amissa,
329 3263 372 3328 ab
381 3258 551 3326 Arabibus
560 3260 767 3341 suaregioue
776 3259 971 3342 expellitur:
987 3266 1141 3326 auctores
1150 3263 1271 3329 Strabo

176 3367 273 3446 [xvr.
288 3383 320 3445 p.
334 3363 411 3427 780.
427 3361 513 3426 Plin.
531 3378 582 3424 vr.
596 3359 665 3441 26]
679 3369 714 3424 et
725 3361 799 3442 [Dio
815 3377 897 3425 nur.
915 3365 964 3446 [p.
978 3361 1070 3443 726]
1085 3364 1144 3446 qui
1157 3371 1272 3428 tamen

175 3462 324 3528 inducis
339 3465 426 3526 errat
437 3463 581 3538 nomine,
603 3461 683 3530 dum
697 3462 826 3526 AElium
840 3461 984 3546 Largum
999 3465 1159 3548 appellat.
1189 3465 1272 3541 ‚Im-

177 3565 293 3647 posuit
319 3563 387 3628 Dio
412 3561 624 3630 Broukhusio
648 3582 783 3646 quoque
805 3563 849 3628 ad
874 3564 977 3649 Prop.
1001 3582 1041 3628 ιι.
1056 3565 1108 3630 10.
1122 3565 1154 3629 2.
1173 3565 1223 3629 ita
1234 3573 1273 3632 ut

180 3664 403 3730 Casaubonus
417 3681 556 3745 quoque
579 3664 718 3730 humani
741 3663 824 3746 quid
846 3683 972 3746 passus
995 3671 1058 3743 est,
1075 3665 1274 3730 Strabonem

179 3767 220 3829 de
235 3765 391 3830 Cornelio
406 3763 508 3828 Gallo
523 3765 713 3848 explicans.
759 3763 847 3830 Vide
858 3765 1003 3831 Ruaeum
1018 3766 1063 3830 ad
1078 3765 1173 3848 Virg.
1193 3765 1273 3841 AEn.

180 3883 245 3929 vn.
258 3867 333 3931 605.
349 3872 393 3944 et,
407 3885 508 3948 quem
522 3865 648 3942 laudat,
663 3865 841 3932 Valesium
855 3867 899 3931 ad
918 3866 1143 3933 Amiauum.
1222 3940 1226 3945 ⁴

222 3966 320 4031 Circa
333 3967 397 4031 hoc
412 3975 544 4049 tempus
559 3967 687 4050 scriptu
700 3967 831 4031 uidetur
846 3967 965 4049 Elegia
977 3971 1049 4050 [ιιι.
1059 3968 1091 4030 4.
1099 3965 1148 4045 et]
1162 3965 1215 4030 10.
1232 3983 1271 4030 ιι.

179 4073 314 4173 propter
325 4087 375 4130 vs.
391 4067 443 4130 16.
465 4065 529 4130 ‘Et
539 4066 658 4130 domus
672 4067 808 4131 intactae
822 4073 856 4131 te
870 4065 1050 4149 [Auguste]
1064 4065 1173 4166 tremit
1187 4064 1272 4131 Ara·

179 4165 264 4232 biae!
307 4167 431 4250 Neque
461 4169 547 4232 enim
563 4167 797 4233 Broukhuslus
819 4165 1017 4242 audiendus,
1042 4167 1100 4251 qui
1116 4167 1161 4233 acl
1175 4187 1225 4232 rs.
1240 4169 1271 4271 2.
