3034 4775
559 355 633 414 ιιι.Ι
654 356 692 402 ιι.
716 352 823 401 nuno.
846 336 898 401 13.

178 498 253 565 Nec
269 518 344 565 mea
358 503 437 563 tnnc
447 500 546 581 longo
561 498 732 581 spatiatur
745 497 887 577 imagine
902 513 1041 579 pompa,

220 600 295 665 Nec
310 602 391 666 tuba
405 600 451 666 sit
463 600 522 665 sati
536 619 627 665 vanu
640 599 777 682 querela
790 598 876 679 mei3

140 722 143 731 ·
177 701 252 767 Nec
267 702 347 766 mibi
362 708 432 767 tum
446 702 551 767 fulcro
568 707 734 765 sternatur
748 700 857 763 lectus
870 702 1009 780 eburno,

220 803 256 869 N
256 822 296 868 ec
311 804 404 869 sitin
419 803 571 869 Attalico
585 821 675 867 mors
689 820 765 866 mea
778 801 861 865 nixa
874 806 958 867 toro.
1061 819 1068 831 ‘

174 996 219 1029 sos
228 983 338 1043 procem
352 983 423 1044 ionga
438 997 497 1032 curn
516 982 583 1033 serie
603 982 745 1044 imaginata,
759 996 833 1045 sepas
843 981 923 1031 etiam
933 982 998 1031 adsit
1008 981 1105 1031 tuem
1114 979 1194 1031 isatis
1202 981 1281 1045 paeri·

174 1046 252 1095 raorsiu
263 1046 347 1097 mortis
357 1060 430 1096 sreoe:
445 1061 519 1111 sepse
529 1046 588 1097 ratiti
599 1051 650 1096 tum
659 1048 775 1097 coioniae
785 1047 885 1096 &arsos
897 1050 963 1096 toras
972 1052 1111 1111 apparetur,
1121 1060 1193 1111 sepse
1202 1060 1280 1096 nesta

633 1170 816 1191 ΟΜ

173 1256 222 1319 [sc.
233 1255 371 1319 nobisbnj.
382 1255 532 1319 praesentis]
548 1255 678 1305 Caminia
697 1254 808 1304 disticha
825 1260 949 1317 tanquam
965 1252 1072 1303 atterius
1092 1251 1191 1317 Elegia
1209 1252 1280 1316 frag·

172 1328 288 1373 mantum
300 1321 422 1370 acetaria
433 1320 577 1383 separanti,
588 1334 647 1369 cum
665 1333 715 1369 nec
732 1332 808 1368 sensa
822 1331 906 1382 neque
926 1316 1012 1367 indote
1029 1332 1046 1366 a
1064 1319 1193 1380 prioribus
1202 1316 1279 1367 diffe-

173 1383 259 1433 runts’
276 1390 305 1433 et
322 1391 441 1447 quartam
458 1383 605 1447 Elegiama
625 1398 695 1447 seqq.
715 1382 890 1432 orditus—tr
907 1381 1021 1431 ‘lisina
1033 1383 1175 1445 reponsnd.
1185 1382 1280 1432 suadet

172 1462 229 1507 sor,
240 1448 272 1497 ad
285 1448 337 1498 Or.
347 1460 392 1497 ιιι.
403 1448 441 1497 Μ.
452 1453 509 1498 toa.
521 1460 597 1511 quem
608 1445 625 1495 i.
638 1447 727 1495 videre
739 1444 838 1497 debes?
849 1446 957 1495 Bmkis
974 1445 1030 1508 qni,
1045 1459 1104 1494 cum
1123 1446 1193 1495 iiiam
1208 1448 1278 1512 conj.

172 1512 260 1563 multis
269 1513 396 1561 Veterum
409 1513 473 1561 iocis
484 1510 587 1574 astruit,
606 1510 644 1560 sic
661 1509 766 1559 tandem
776 1510 859 1560 dicit:
875 1510 884 1537 ⁴
896 1510 1021 1573 Sequitur
1032 1511 1119 1560 statim
1131 1524 1173 1573 sp.
1185 1511 1278 1561 Nostr.

171 1576 253 1625 ‘Nec
270 1576 305 1625 sit
323 1576 350 1624 in
368 1575 486 1625 Attalico
509 1589 577 1625 mors
592 1588 650 1625 mea
673 1575 734 1623 nixa
755 1573 838 1636 toro;'
855 1573 925 1623 ands
936 1575 1019 1638 liquet
1030 1575 1139 1638 probam
1150 1580 1177 1623 et
1190 1589 1277 1624 veram

171 1652 229 1689 esse
244 1638 449 1692 correctionem!
470 1640 541 1752 '3¹⁰³
558 1639 683 1693 exhibant
701 1638 777 1687 B.B.
788 1637 819 1688 B.
837 1637 913 1687 otu.
932 1645 959 1687 et
974 1637 1033 1688 cod.
1050 1646 1097 1687 sno
1117 1638 1278 1700 ascripserat

171 1702 268 1753 Marki.
283 1703 291 1729 ‘
304 1703 482 1753 Nonouritten
503 1710 597 1765 esunt,
608 1717 666 1767 quar
678 1700 712 1752 ad
729 1703 753 1752 ir.
766 1703 784 1750 i.
802 1701 938 1752 annotavit
956 1702 1060 1751 Hemst.
1076 1701 1154 1752 ‘Jam
1167 1716 1277 1752 rumoso·

170 1780 235 1830 pere
254 1766 342 1816 mirari
361 1767 441 1827 subit,
462 1780 570 1831 nsquam
591 1769 624 1817 ab
648 1766 758 1816 Heinsio
777 1765 926 1816 discessisse
943 1766 1144 1823 Broukbuainnr.
1178 1766 1277 1829 ‘Qnid‚

171 1844 269 1907 queso,
279 1830 383 1893 απαξ
394 1830 469 1893 dicit,
480 1834 488 1859 ⁴
501 1845 621 1916 auruncus
631 1830 784 1906 mutandum
796 1830 914 1879 videntur
930 1829 956 1877 in
970 1826 1038 1880 sos?
1063 1830 1146 1880 Immo
1159 1844 1187 1879 se
1207 1832 1277 1909 uitur

170 1894 824 2012 zitiuttrittszittiirruitur}
836 1894 1162 2019 timiditate?
1172 1910 1276 2024 eiiii

170 2023 258 2087 colligi
271 2022 352 2086 possit
362 2036 421 2073 enm
434 2024 467 2073 ab
479 2023 588 2073 Heinsio
616 2022 640 2072 ic
649 2021 810 2085 discessisse,
819 2036 903 2086 neque
914 2022 983 2072 enirn
993 2024 1019 2071 in
1027 2022 1084 2099 ejus
1095 2024 1179 2086 Notis
1185 2024 1276 2085 tegun-

170 2093 214 2137 tur
224 2088 268 2137 ilia
279 2088 367 2147 verba,
386 2087 394 2115 ‘
406 2086 485 2146 Quid,
515 2102 595 2148 ussto,
606 2100 692 2136 causre
709 2100 757 2135 cnr
774 2100 838 2136 asora
854 2086 1006 2135 munatium
1025 2085 1146 2136 videatur
1159 2087 1186 2136 iu
1196 2086 1276 2139 mi'

169 2164 228 2215 qua*
240 2151 335 2201 ultimis
347 2149 451 2201 verbia‘
464 2102 532 2200 nube
542 2153 623 2216 liquet
635 2149 758 2213 probant'
775 2157 805 2199 et
820 2164 864 2215 seq
886 2150 1033 2201 ,contraria
1042 2159 1141 2201 caaent.
1173 2150 1205 2200 In
1217 2157 1275 2202 tota

169 2216 238 2265 enim
253 2216 421 2265 annotatione
432 2214 600 2265 Heinsianann
616 2214 806 2264 correctionem
825 2228 873 2278 pro
893 2222 920 2264 at
939 2222 968 2263 et
986 2214 1112 2277 sacmpiis
1129 2214 1274 2265 coufirmat.

168 2278 248 2342 [Haec
259 2280 363 2341 erroris,
373 2280 414 2328 vir
424 2280 586 2339 doctissime,
596 2279 668 2342 oripo
678 2287 728 2329 est.
748 2278 787 2327 'l'n
799 2279 865 2327 maie
873 2278 997 2343 intelligis
1008 2278 1059 2327 ista
1070 2278 1173 2329 Hemst.
1185 2279 1275 2336 verba,

167 2341 263 2405 ‘Jarn,¹
283 2347 333 2395 dre.
350 2344 474 2409 usquead
490 2342 719 2394 ‘Broukbusium.'
749 2343 790 2393 'fn
800 2343 861 2393 dicit
871 2340 937 2393 falso
948 2343 1070 2394 exhibea:
1091 2342 1193 2394 Herost.
1204 2340 1275 2394 eninr

168 2420 218 2456 non
238 2406 318 2457 babet
335 2408 406 2469 dicit,
425 2407 472 2457 sed
489 2409 561 2470 diost,
577 2421 627 2457 nec
662 2407 737 2473 ungit
752 2415 815 2457 aute
830 2408 903 2470 dicet,
921 2406 968 2457 sed
988 2409 1026 2457 sic
1038 2421 1131 2457 revera
1143 2409 1273 2472 loquitur:

166 2471 175 2499 ⁸
188 2470 268 2530 Quid,
280 2485 378 2534 quasso,
389 2485 476 2546 causas
495 2469 566 2521 dicet
585 2472 633 2535 [sc.
644 2423 843 2533 broukhusius}
856 2485 903 2520 cnr
915 2485 977 2520 asora
987 2470 1104 2522 mutand.
1116 2472 1236 2522 rideatur
1246 2473 1273 2526 ia

167 2533 342 2595 nostrum,
361 2542 480 2597 sequitur
500 2535 598 2593 statim,
614 2535 683 2646 ἕως
703 2551 719 2584 a
733 2535 764 2583 ‘s
799 2533 882 2584 situr'
900 2549 982 2597 usque
1001 2533 1034 2584 ad
1049 2537 1057 2563 ‘
1071 2536 1275 2586 correctionem?

168 2611 247 2647 causa
257 2603 317 2647 sunt
327 2611 403 2662 quarn
415 2599 422 2626 ‘
435 2597 519 2647 dicet'
530 2598 619 2647 Brouir
639 2597 720 2660 usius]
732 2612 776 2661 ap.
814 2605 876 2648 oatr.
894 2599 901 2628 ‘
915 2599 973 2648 Noc
984 2598 1036 2661 sit,’
1045 2601 1097 2647 dcc.
1109 2601 1176 2648 unde
1187 2600 1274 2663 iiqnet

166 2661 410 2774 trobametreranr
428 2675 485 2710 essa
503 2661 606 2712 Hoiusii
623 2661 819 2738 correctionem.
852 2661 891 2712 Ea
909 2662 954 2711 lex
969 2661 1126 2738 [respondet
1137 2663 1273 2712 Hernster·

167 2725 476 2855 „trititr‘ttitiit
494 2724 1124 2839 iirittit¹itrrtt¹ittlt3tittttit
1136 2739 1273 2840 iffi

165 2863 309 2918 sequuntur
320 2865 379 2919 quae
399 2853 449 2902 'aur
465 2853 591 2904 citaturus
602 2853 654 2916 ea]
669 2851 753 2902 Addit
774 2852 1001 2907 Hemateriroaius:
1018 2853 1091 2902 ‘Sed
1110 2854 1271 2916 piarrereti·

165 2919 246 2968 nend.
254 2932 326 2980 rmrs,
336 2869 406 2982 quod
418 2924 492 2968 tanto
507 2917 609 2967 suavius
620 2922 671 2978 est,
682 2917 744 2980 quia
757 2930 822 2965 stara
836 2931 878 2980 ap.
896 2917 988 2981 potitus
999 2931 1049 2966 non
1064 2931 1123 2966 raro
1134 2931 1272 2981 personam

166 2981 251 3046 gerit!
269 2982 323 3032 Pro
336 2983 417 3032 attera
428 2989 516 3031 tamen
533 2983 595 3031 ieet.
618 2995 668 3030 aox
688 2980 797 3043 margini
813 2988 983 3032 annotaverat
995 2981 1080 3032 ioenru
1093 2981 1199 3031 Horatii
1208 2995 1229 3032 1.
1240 2984 1272 3033 C.

164 3049 263 3097 28.15.
281 3053 309 3095 et
331 3045 382 3095 iliic
400 3044 505 3095 vidend.
523 3059 582 3094 esse
596 3045 717 3093 Torreat.
736 3049 764 3093 et
784 3045 953 3109 Coniugium.
971 3045 1112 3096 Animads.
1130 3039 1156 3094 iu
1175 3047 1271 3096 Horat.

165 3109 253 3160 Benti.
265 3125 292 3173 p.
303 3109 370 3159 8213
386 3109 472 3159 Bana.
496 3107 722 3159 Hemsterbnsium
741 3108 833 3158 iaudat
847 3109 928 3160 Kuin.
945 3116 982 3171 et,
999 3111 1085 3160 ‘Cum
1103 3124 1172 3162 omn.
1183 3109 1271 3160 codd.'

164 3174 228 3237 ait,‘
240 3173 308 3222 banc
319 3174 382 3224 lect.
393 3179 526 3234 tueantur,
537 3173 629 3222 veliem
641 3187 698 3221 earn
709 3173 800 3235 ipsein
813 3180 914 3223 textum
923 3174 1101 3224 revocassem!
1117 3175 1271 3225 ‘neuster-

164 3238 233 3288 bnsii
251 3237 341 3301 verba,
356 3238 442 3302 posita
453 3238 479 3287 in
495 3236 630 3286 addendis
642 3237 758 3288 Santonii
771 3251 798 3300 p.
807 3241 865 3287 989.
877 3253 936 3288 cnm
946 3253 997 3288 non
1009 3239 1192 3302 intellexisset,
1204 3239 1271 3290 Bur-

164 3317 272 3352 mannus
284 3309 458 3352 commentum
475 3301 648 3352 Heinsianurn
663 3302 720 3350 ioco
730 3301 827 3364 injuria
835 3310 963 3366 occupato
974 3303 1089 3367 dejicere
1100 3305 1199 3354 veritus
1210 3304 1270 3355 est!

163 3365 262 3418 bactra.
294 3365 338 3416 Ab
356 3367 459 3416 Hemst.
477 3367 502 3415 iu
522 3364 623 3414 diversa
642 3365 698 3416 abit
716 3365 854 3416 Schrader.
873 3367 982 3417 Emend.
1000 3383 1026 3431 p.
1045 3373 1167 3419 tau-19
1188 3369 1269 3418 Nera.

165 3429 295 3480 scribenti.
308 3430 388 3497 jubet
404 3431 495 3479 Burin.
529 3430 589 3480 niem
609 3430 690 3480 Dorr.
703 3433 728 3479 2.
746 3437 774 3479 et
791 3430 898 3480 exbibet
916 3428 1020 3483 Laebnr.
1047 3435 1118 3483 Nurrc
1134 3433 1268 3483 Heinsiau.

166 3495 230 3544 dirae
241 3509 292 3544 meo
305 3511 355 3552 ser,
366 3501 394 3543 et
406 3509 465 3543 mox
477 3493 543 3542 Turro
554 3493 614 3542 stibi
632 3508 674 3542 trec
685 3492 747 3552 faie.
766 3494 861 3543 Franc.
885 3494 981 3545 Totum
997 3511 1058 3546 vero
1075 3499 1125 3547 boc
1139 3496 1267 3546 distichon

163 3557 326 3609 desideratur
338 3559 364 3608 iu
375 3571 426 3609 uuo
439 3558 576 3608 Coibe-il
592 3559 658 3608 Titus
668 3557 761 3609 Leidd.
772 3558 846 3609 Voss.
858 3563 883 3608 2.
893 3563 919 3610 a.
930 3561 1013 3610 Dorr.
1025 3567 1048 3611 l.
1059 3563 1151 3611 Burro.
1161 3565 1187 3611 2.
1210 3561 1267 3610 Mes

666 3716 777 3768 NOTAE

196 3834 228 3880 1⁹
255 3831 306 3880 Nec
321 3830 446 3898 spatietur
467 3829 573 3892 impias
597 3827 694 3892 pompa]
734 3828 840 3888 familias
862 3827 1092 3892 defunctiooetus,
1112 3829 1159 3881 sed
1188 3832 1268 3882 etiaar

164 3907 225 3958 Non
237 3909 293 3956 ruit
310 3907 464 3970 Propertius
484 3908 510 3957 in
528 3905 631 3956 funebri
648 3920 695 3955 aua
729 3906 813 3976 'ionga
825 3905 906 3956 series
923 3905 1062 3970 imaginum
1072 3920 1106 3955 ax
1116 3906 1207 3957 ordina
1217 3907 1267 3957 sin·

161 3983 377 4048 pompaadhiberi
388 3985 511 4048 majorum
522 3997 624 4034 suorum
633 3983 693 4034 irua-
734 3984 800 4045 gaiis
810 3983 862 4033 sois
872 3982 965 4034 iconiis
974 3996 1021 4031 seu
1031 3983 1149 4032 amasiis
1158 3982 1267 4048 disposi-

138 4106 140 4112 .
161 4060 245 4124 pines,
263 4061 316 4110 ritu
332 4060 520 4122 Romanorum
543 4059 614 4124 apud
628 4073 692 4125 quos
734 4065 827 4108 nrum.

160 4134 255 4187 funera
273 4133 379 4197 gentiiis
395 4134 567 4185 comitabatur
583 4135 654 4184 iente
664 4142 693 4184 et
730 4183 733 4190 .
765 4137 798 4183 20
815 4131 934 4182 Nestata
949 4130 1057 4197 sitsats']
1082 4132 1116 4182 ln
1135 4135 1266 4197 potentio-

160 4211 276 4277 grsriter
293 4207 437 4276 procedens
455 4224 506 4266 noa
521 4211 602 4262 sotum
615 4203 693 4264 totins
733 4223 796 4274 runt,
808 4207 951 4271 snasribas,
966 4221 1019 4258 non
1041 4216 1128 4261 autsar
1149 4209 1265 4275 piebaio·
