3034 4775
553 416 602 469 uu
628 414 851 465 ruuruauro.
1205 400 1248 465 61

126 559 322 629 verborum
351 568 455 643 utque
487 561 525 625 in
558 560 797 627 senmntisrum
831 560 1060 629 concinnitate
1084 560 1247 642 obtinent,

128 680 248 747 quam
275 660 481 727 simillimum
508 662 559 727 tui
584 669 619 726 te
648 664 822 745 prebeas:
852 662 903 728 itu
936 669 1005 728 tres
1034 662 1248 749 pulcherrimi

128 764 271 850 polita,
298 771 333 829 et
355 766 429 831 sine
452 764 556 831 dubio
573 764 661 829 inter
678 764 820 829 Ictinos
844 765 880 829 in
902 766 962 830 illo
982 766 1107 833 festivo
1127 786 1249 849 genere

126 868 327 953 principes,
355 872 498 933 retorem
524 886 622 934 suum
649 866 872 951 splendorem,
901 875 1050 953 ereptum
1079 876 1248 935 vetustate

128 978 247 1057 atque
261 970 431 1035 huminum
445 970 589 1049 inscitia,
611 978 670 1036 tuo
691 970 842 1035 maxime
862 970 979 1037 studio
993 971 1246 1055 recuperabunt.

129 1070 218 1157 Ego
233 1080 344 1139 autem
358 1074 435 1157 ipse
455 1072 538 1137 mihi
558 1072 762 1155 gratulabor,
785 1079 820 1137 et
838 1072 986 1156 quodam
1004 1074 1107 1139 modo
1120 1072 1247 1156 gratias

128 1176 289 1256 habebo,
304 1175 385 1261 quia
398 1182 430 1241 te
443 1174 587 1240 adhunc
602 1173 801 1239 industriam
814 1175 1043 1241 excitaverim.

482 1383 578 1449 Idem
593 1383 716 1448 ibidem
734 1382 842 1467 Epist.
855 1384 911 1449 21.

160 1600 163 1607 Ι
180 1517 262 1583 Nec
276 1520 437 1601 integrum
446 1515 521 1602 jam
532 1522 602 1582 est:
617 1522 660 1595 et,
673 1518 703 1581 si
717 1518 774 1594 sit,
783 1537 841 1582 eur
855 1522 890 1581 tu
905 1517 1039 1601 politam
1051 1518 1245 1600 elegantem,

127 1620 356 1703 maximeque
378 1618 525 1683 omnium
551 1616 742 1682 Latinorum
766 1617 963 1683 fabellarum
985 1620 1159 1698 varietate,
1181 1620 1246 1685 hoc

128 1726 203 1797 est,
217 1738 294 1784 vere
307 1717 445 1803 politica
456 1717 642 1783 eruditione
652 1717 822 1783 florentem
833 1718 1000 1805 abjicias?
1017 1718 1130 1787 Etiam
1143 1722 1245 1787 illud:

131 1821 312 1887 oblitusne
328 1840 375 1900 es,
389 1820 420 1885 ei
435 1826 468 1887 te
479 1818 763 1886 commentarium
775 1822 912 1906 publice
925 1842 1002 1889 esse
1016 1823 1232 1908 pollicituml

133 2048 191 2118 Μ.
215 2049 384 2117 Antonius
412 2050 582 2130 Muretus,
610 2050 833 2120 Dedicatione
861 2052 1073 2123 scholiorum
1100 2058 1135 2122 iu
1163 2057 1246 2123 Pro·

620 2154 772 2237 pertium

182 2288 265 2353 Non
290 2286 410 2373 injuria
433 2284 621 2353 dubitatum
650 2293 705 2353 est
730 2307 752 2353 a
774 2286 964 2367 Veteribus,
992 2290 1172 2355 Tibulloue
1200 2310 1245 2357 an

131 2391 317 2476 Propertio
344 2389 544 2454 deserendus
571 2395 662 2454 esset
689 2390 773 2454 iuter
801 2389 943 2454 latinos
971 2389 1092 2475 politas
1115 2391 1245 2477 Elegio

132 2493 325 2560 scribenda:
349 2491 569 2575 principatus.
614 2489 718 2565 Nam,
747 2493 788 2552 nt
808 2489 924 2556 insunt
944 2491 981 2555 in
1001 2497 1145 2578 utroque
1171 2513 1245 2578 per-

131 2595 254 2675 multa,
270 2611 348 2678 qnae
364 2612 425 2657 eos
442 2592 627 2674 vulgarium
649 2611 784 2656 numeru
806 2598 959 2658 exemtus
978 2594 1014 2657 in
1036 2593 1128 2660 editu
1142 2603 1243 2680 utque

132 2696 290 2764 mmmti
305 2697 453 2761 statuant
467 2692 561 2758 locu:
583 2691 634 2757 sic
652 2693 798 2777 propriae
811 2694 968 2777 quaedam
983 2700 1101 2760 extant
1121 2704 1157 2760 et
1178 2697 1246 2762 ulu-

132 2798 270 2868 contin
293 2803 434 2880 utroque
458 2796 608 2871 unates,
634 2794 759 2879 quibus
781 2803 919 2878 uterque
940 2796 1077 2861 ulterius
1097 2796 1245 2880 palmam

133 2901 332 2981 ambignum
346 2897 459 2962 iacere
476 2894 641 2960 videabrr.
685 2895 828 2982 Summa
839 2897 876 2959 in
892 2895 1029 2961 Tibullo
1043 2895 1245 2964 elocutionis

132 2999 307 3085 elegantia
331 3003 365 3063 et
385 2997 586 3082 proprietas,
616 3015 750 3062 summa
775 2998 808 3062 in
837 2995 1019 3080 Propertio
1046 2998 1245 3066 eruditionis

134 3102 283 3190 politice
298 3101 401 3185 copia
415 3106 450 3165 et
459 3099 627 3166 varietas:
650 3099 685 3164 iu
699 3098 763 3164 illo
776 3099 932 3164 Romam
945 3118 1054 3184 prope
1069 3101 1193 3178 omnia,
1207 3101 1244 3166 in

133 3209 202 3274 huc
224 3205 384 3289 pleraque
405 3202 655 3269 Transmarina.
699 3200 812 3279 Illum,
826 3201 946 3268 nahra
967 3202 1123 3286 quadam
1138 3207 1173 3267 et
1192 3203 1244 3269 in·

135 3314 299 3392 corrupta
319 3303 465 3370 Romani
479 3305 643 3371 sermonis
658 3305 846 3387 integritas,
860 3304 896 3368 in
909 3302 1023 3369 media
1036 3305 1119 3369 urbe
1131 3309 1245 3370 uatum

136 3411 287 3476 stultum
298 3405 576 3491 usse,perspicue
586 3405 751 3473 ostendit:
766 3408 867 3484 huuc,
877 3413 999 3490 praeter
1010 3412 1129 3484 cetera,
1139 3405 1246 3472 torma

137 3520 174 3578 et
197 3512 369 3578 character
390 3510 465 3592 ipse
488 3507 621 3590 dicendi
643 3508 678 3572 in
694 3505 892 3573 Graeuorum
912 3506 1087 3590 poetarum
1107 3508 1245 3591 scriptis

137 3612 371 3680 assiduissime
398 3615 567 3676 versatum
593 3627 670 3674 esse
699 3607 917 3673 demonstret.
962 3608 1114 3691 Cumque
1141 3628 1164 3673 a
1191 3627 1245 3674 sa·

138 3713 354 3799 pientissimis
369 3713 451 3778 viris
465 3710 621 3778 traditum
643 3707 700 3786 sit,
722 3708 792 3774 duo
813 3729 890 3774 esse
911 3709 1083 3795 praecipua
1097 3708 1245 3793 poetice

137 3815 297 3882 diationis
313 3821 517 3892 ornaments,
531 3810 565 3876 td
578 3811 671 3886 sabis
686 3809 736 3874 nal
750 3811 784 3875 ti
798 3813 912 3893 ξενικὸν,
926 3813 984 3878 illu
996 3812 1162 3888 Tibullum
1177 3808 1244 3875 boc

139 3917 335 4002 Propertius
365 3915 526 3981 excellere
549 3913 692 3978 videtur.
738 3912 878 3980 Mollior
906 3915 964 3980 ille
988 3919 1024 3978 et
1051 3911 1245 3979 delicatior:

136 4019 312 4102 rimemur
334 4017 446 4084 hicet
475 4015 685 4084 accuratior:
719 4015 781 4080 illo
810 4017 917 4098 magis
944 4015 1126 4092 oblectere,
1154 4014 1243 4079 hune

139 4121 259 4204 magis,
275 4127 314 4186 ut
326 4121 460 4204 opinor,
474 4117 655 4186 athnirere:
678 4115 771 4181 illum
780 4115 920 4200 judices
934 4115 1122 4205 simplicius
1136 4115 1243 4199 serip-

139 4225 236 4300 sisse,
251 4241 329 4307 quer
345 4223 522 4304 cogitaret:
545 4219 631 4284 huuc
653 4216 845 4299 diligentius
858 4219 1038 4299 cogitasse,
1062 4217 1142 4301 quid
1163 4219 1244 4282 scri·
