3034 4775
562 408 633 455 nra.
655 406 693 457 ιι.
719 407 826 458 nuno.
846 393 900 459 24.

183 550 246 617 Cui
260 570 326 616 non
340 550 393 615 bin
407 550 520 616 vorbis
534 556 692 633 aspergat
706 554 856 634 tempora
873 555 975 619 surdo

226 652 298 719 Ant
311 652 419 737 pudor
432 652 607 734 ingennus,
631 660 690 717 aut
703 654 889 719 reticendus
904 658 1023 722 amori

185 755 287 836 Qnod
303 756 334 819 si
349 760 418 821 tam
432 754 544 821 facilis
558 753 698 837 spiraret
712 754 858 838 Cynthia
872 759 984 836 uobis,

230 856 308 921 Nou
322 876 384 939 ego
399 856 558 939 nequitiae
573 854 703 919 dicerer
717 872 795 919 esso
810 864 926 940 capnt,

186 954 262 1023 Neo
277 958 326 1022 sio
342 976 403 1041 por
417 962 522 1022 totam
536 956 674 1022 infamis
687 955 877 1022 traducerer
890 960 1022 1023 urbemi

227 1058 347 1124 Ureret
361 1066 397 1124 et
410 1059 576 1142 quamvis,
598 1058 732 1123 nomina
746 1057 985 1125 rerbn‘darem.

186 1158 357 1241 Querens
371 1160 432 1225 tibi
447 1160 494 1224 sit
507 1161 625 1224 mirum
641 1179 694 1225 me
708 1179 859 1244 quarere
875 1162 982 1227 viles:

228 1261 369 1327 Parcius
382 1261 561 1327 infamant:
583 1280 663 1327 num
678 1261 740 1327 tibi
755 1280 859 1327 eausa
872 1262 980 1328 leviat
1045 1360 1053 1373 ι
1240 1262 1283 1330 10
1356 1293 1359 1297 »
1442 1308 1454 1325 .

178 1438 803 1569 imminentium
812 1439 1286 1569 immam

94 1600 99 1613 .
187 1570 292 1633 cyutlsia
304 1567 409 1629 semet,
426 1582 469 1629 ego
480 1582 526 1617 aoa
534 1570 669 1617 trudam
677 1582 725 1617 esse
735 1570 786 1617 dux
795 1570 925 1633 mitia,-
940 1584 1012 1633 aeque
1021 1569 1058 1618 ito
1068 1584 1111 1632 per
1120 1574 1195 1620 totana
1203 1571 1285 1620 arbem

185 1634 289 1696 turpiter
306 1630 444 1694 Νικαιαν,
460 1632 567 1695 pausauis
583 1638 661 1681 sums
680 1633 797 1690 arderem
813 1648 842 1682 oe
859 1633 978 1697 cynthia
996 1633 1090 1682 anm
1108 1633 1180 1683 nebo
1196 1635 1286 1685 dorcas.

186 1695 685 1773 ltopaeaeasirerisarepultasfgaobilss
700 1703 723 1745 et
739 1696 963 1759 murtei,-
979 1695 1231 1757 nammiaasfuaata
1242 1698 1284 1746 Ιο-

186 1762 256 1811 dsat.
292 1759 477 1811 Vtoesmeua
496 1758 545 1809 ista
563 1758 853 1824 rntupnuiuuueatif
881 1759 1014 1827 Ipsam
1025 1760 1121 1825 cupide
1132 1761 1234 1825 expetit
1243 1761 1286 1812 io·

645 1884 828 1911 W

1048 1916 1062 1947 0
1123 1926 1131 1949 s

187 1970 249 2022 Atta
259 1970 359 2021 Veneta
369 1971 475 2023 babetri
485 1976 546 2032 tots,
556 1971 607 2021 alia
617 1974 651 2023 sit
661 1977 771 2024 tota-t
782 1973 791 2002 ‘
801 1972 861 2035 Asp.
869 1969 949 2021 subis
957 1970 996 2021 bis
1005 1971 1096 2022 Poatb.
1123 1968 1286 2021 Sederoodd.

187 2042 217 2086 et
223 2034 284 2085 edd.
295 2034 350 2085 fere
366 2050 463 2087 ornnes.
490 2036 568 2085 Sardo
579 2043 621 2087 eat
636 2052 670 2087 ex
688 2036 792 2087 entend.
806 2034 943 2112 scaligeri,
954 2035 1119 2100 improbante
1135 2034 1228 2085 Helos.
1239 2032 1286 2084 sad

186 2098 262 2163 prob.
273 2099 387 2151 Broulrh.
398 2100 475 2165 Vulp.
488 2099 531 2150 ed.
543 2100 618 2151 Giitt.
630 2109 658 2152 et
678 2101 809 2151 Dorvillio
823 2100 997 2155 adcbarttou.
1011 2116 1037 2165 p.
1044 2104 1102 2151 tel.
1118 2097 1161 2150 eui
1171 2098 1243 2147 asdor
1254 2098 1287 2147 ir-

187 2164 299 2227 repsisse
309 2163 413 2214 ridetur
426 2165 458 2214 ab
469 2180 511 2226 eo,
519 2164 563 2229 qui
575 2166 707 2229 explicare
717 2164 842 2227 soluerit,
852 2179 904 2229 quo
915 2164 992 2215 modo
1003 2170 1120 2229 tempora
1128 2162 1204 2213 alieni
1215 2176 1288 2213 anaor

188 2235 235 2277 ant
254 2228 337 2291 pudor
352 2236 481 2305 naperpat,
499 2242 592 2293 nempe
617 2230 719 2279 sudore.
746 2229 819 2281 Nlbil
835 2229 941 2279 cernua.
974 2228 1066 2279 num
1084 2228 1136 2278 Ass
1156 2227 1289 2276 malebant

188 2292 295 2343 Cauter.
306 2292 478 2353 Passeratius,
488 2300 515 2343 et
530 2291 608 2355 θυι]
624 2293 715 2344 Bratb.
748 2294 757 2323 ‘
769 2293 858 2355 Sedu,
868 2292 960 2343 addita
975 2291 1150 2353 diatinrtione,
1161 2290 1188 2339 ln
1198 2290 1290 2355 pleris-

206 2371 239 2408 ue
254 2355 332 2407 codd.
352 2356 442 2434 primia
459 2372 489 2406 ao
505 2358 689 2408 vetustioribus
700 2356 763 2410 edd.
780 2358 849 2423 qnod
869 2357 999 2422 probabat
1018 2356 1110 2408 lleins.
1121 2362 1150 2406 et
1165 2354 1203 2405 sie
1213 2354 1251 2405 Η.
1261 2354 1289 2408 J.

215 2421 345 2470 rntaeniua
353 2435 380 2469 ιιι
390 2422 504 2485 apertu.
521 2421 587 2471 Obr.
599 2425 639 2471 lt.
656 2437 683 2485 p.
696 2424 752 2470 tot.
770 2421 817 2471 sed
828 2423 938 2534 iuffrata
948 2421 1054 2471 auribus
1072 2428 1133 2470 aaut
1147 2428 1200 2470 tres
1212 2433 1290 2469 roeo

188 2499 239 2534 nno
250 2484 275 2534 in
288 2483 397 2534 disticho
408 2484 527 2534 similiter
537 2483 695 2535 desinentes.
729 2485 823 2548 Neque
835 2500 850 2534 a
869 2485 981 2536 miserint
990 2486 1090 2535 uum:
1106 2483 1209 2532 unioorn
1220 2484 1290 2534 enim

189 2547 238 2599 lroe
251 2548 276 2597 ia
296 2554 354 2598 toto
374 2547 454 2610 Prop.
465 2547 488 2596 si
499 2555 572 2598 recte
590 2549 703 2607 memini,
721 2549 869 2611 exemplum
885 2556 955 2598 esset
973 2547 1080 2611 syllaba
1093 2547 1121 2596 in
1137 2545 1190 2596 fine
1200 2551 1289 2596 senua

190 2625 221 2660 au
256 2609 338 2672 rflnoe,
354 2625 412 2674 qna
424 2625 483 2660 oum
499 2612 618 2674 sequenti
629 2613 769 2662 coalescat.
799 2613 899 2676 Sequor
914 2612 994 2674 igitur
1009 2609 1183 2672 Scaligeruru!
1200 2611 1289 2659 Baria.

188 2677 198 2705 ⁸
235 2675 279 2725 nid
288 2673 394 2740 igitnri’
414 2675 451 2724 ait
462 2674 566 2726 Lacbm.
579 2683 637 2738 post
648 2676 729 2725 multa
740 2675 835 2736 verbe;
851 2681 932 2725 ‘nom
946 2675 988 2724 bio
997 2675 1130 2739 quippiam
1146 2672 1290 2737 intelligis?
1341 2709 1348 2723 .

191 2739 249 2802 Ego
259 2747 333 2789 certe
342 2737 403 2788 nibil
413 2738 539 2802 intelligo.
567 2740 655 2791 Quare
665 2739 698 2789 de
708 2739 757 2790 tut.
766 2748 812 2790 aut
820 2753 923 2803 prorsus
932 2737 1120 2803 desperandum
1131 2744 1234 2799 est,aut
1244 2736 1290 2786 ali·

191 2802 252 2868 qnid
264 2804 357 2852 saltem
376 2801 522 2852 faciendum
539 2803 609 2867 quod
630 2809 687 2852 tuto
703 2801 762 2853 tisri
780 2804 870 2867 possit.
904 2803 1016 2867 Nempe,
1033 2803 1118 2866 ejeeta
1128 2800 1291 2851 eonaetlone

191 2867 326 2930 scaligeri,
334 2869 415 2928 sardo,
427 2880 576 2916 revocemus
586 2867 665 2916 udor.
698 2866 742 2916 lta
758 2875 833 2916 certe
843 2866 870 2915 in
881 2866 908 2915 b.
920 2881 958 2918 ss.
969 2867 1031 2916 nibil
1049 2864 1226 2916 desiderabis:
1244 2864 1291 2914 sed

191 2930 225 2980 de
232 2932 315 2981 altero
327 2932 404 2994 plane
415 2939 502 2980 sctum
513 2939 564 2980 est.
597 2931 666 2983 Quid
679 2930 711 2981 de
722 2939 886 2994 pentametro
897 2929 961 2980 liet?
978 2932 1005 2981 Si
1017 2945 1056 2979 tue
1067 2929 1291 2993 audis,e‘ielamua

192 2997 222 3044 nt
231 2993 409 3045 subditivum.¹
428 2995 541 3051 aniaos
559 2995 647 3044 Bnrm.
657 2999 682 3044 l.
701 2995 818 3050 Quoiaoa
829 2995 1003 3050 (frontum-a
1013 2994 1049 3044 As
1060 2993 1145 3044 id.-6
1205 2993 1228 3042 'd
1240 3006 1291 3044 oua

190 3059 302 3109 Veneta.
326 3059 379 3108 Pro
394 3063 444 3108 tou
455 3058 536 3108 Pone.
548 3059 703 3109 amendabat
713 3058 774 3120 jum.
798 3059 844 3110 Sic
856 3057 963 3122 praefert
973 3059 1035 3110 Vat.
1045 3063 1071 3108 ὅ.
1098 3057 1211 3116 Noasoo.
1222 3057 1292 3122 eonj.

193 3123 324 3174 lirin-t
343 3123 409 3172 N.ei
424 3124 490 3172 Exn.
506 3121 579 3173 Mod.
598 3123 670 3180 beto,
684 3127 706 3172 l.
724 3123 811 3172 Palat.
825 3123 1038 3174 Burmauuianns.
1058 3123 1201 3172 llndaeeret
1216 3119 1293 3172 Voss.

193 3187 267 3237 Leid-
279 3185 404 3251 Groning.
422 3194 449 3237 et
462 3201 500 3251 pr.
510 3186 619 3236 edd—8
631 3190 639 3214 ‘
653 3187 742 3236 Ureret·
756 3187 837 3236 nostri
854 3186 906 3237 dno
920 3201 979 3237 corn
988 3187 1114 3249 Groniog.
1125 3193 1153 3236 et
1160 3185 1212 3236 dno
1229 3186 1292 3236 item

193 3249 335 3302 Gebhardi.
359 3251 436 3303 Quod
456 3265 507 3301 uon
524 3250 640 3300 deterius
657 3250 776 3301 videtur!
793 3253 828 3306 Β.
839 3252 873 3300 Β.
900 3252 1020 3302 Palatl.
1050 3251 1146 3311 Ureret,
1159 3255 1292 3314 etuas.

192 3315 257 3366 dm.
292 3316 378 3365 Ureret
390 3315 500 3366 [aeid-l.
514 3316 631 3366 Burmm.
644 3330 709 3364 unus
727 3316 809 3366 Dorv.
827 3315 887 3365 edd.
904 3329 943 3379 pr.
962 3314 1041 3365 Aldu.
1055 3315 1175 3378 aliasque.
1206 3315 1294 3363 Urerer

195 3380 270 3430 Borr.
293 3382 301 3408 ⁸
319 3381 489 3442 Distinguunt
504 3379 566 3442 alii,'
588 3381 626 3429 ait
640 3381 730 3429 Burro.
757 3380 867 3429 ‘Ureret
883 3383 908 3430 et
921 3381 1035 3444 quaeis,
1052 3379 1146 3428 maiae
1160 3394 1184 3428 o.
1195 3379 1220 3427 d.
1237 3379 1255 3429 l.
1267 3392 1292 3426 e.

193 3443 318 3492 Simulato
330 3444 437 3492 alterius
448 3457 495 3506 pro
506 3457 569 3493 vero
581 3444 697 3507 Cyntlsiae
708 3444 821 3504 nornine,
833 3443 930 3506 populo
942 3445 1111 3506 imponerem,
1119 3451 1149 3492 ut
1159 3444 1252 3492 Dousa
1261 3441 1293 3492 P.

195 3508 289 3572 allique
301 3507 466 3571 intelligunt:
483 3508 523 3556 sel
537 3509 621 3570 potius
637 3507 725 3557 Urerer
736 3512 761 3556 et
771 3507 978 3576 permaneatur
987 3507 1081 3570 exponi
1099 3515 1201 3568 posset:
1219 3504 1295 3554 Licet

196 3578 223 3620 te
232 3585 345 3622 amarem
358 3569 392 3646 ob
400 3571 561 3622 nobilitatem
574 3571 693 3634 generis!
719 3569 855 3626 Knlnoelis
871 3572 933 3621 ieet.
944 3570 1145 3620 exbibetllartlr.
1160 3569 1294 3644 ‘Urereret

179 3635 459 3749 unierunt.
477 3634 1295 3760 nutrientttalussnnt..teutmarus

694 3849 801 3902 ΝΟΜ

228 3971 244 4016 t
264 3965 364 4026 lafuaia
379 3964 527 4029 bodueerer]
553 3963 665 4015 'l'radnoi
683 3971 726 4016 est
765 3970 794 4016 et
801 3961 966 4027 supplicium.

198 4041 257 4092 dael
275 4049 347 4092 traua
362 4041 472 4106 aliquem
492 4043 586 4104 locunt,
604 4039 725 4104 derideri,
798 4036 1113 4100 antesaecularem]
1128 4033 1295 4086 Snbbetoao

198 4125 226 4167 et
242 4117 276 4167 ad
293 4115 425 4166 infamiam
442 4117 578 4168 ostentari.
609 4117 726 4168 Stsmtura
766 4113 932 4179 supposititio
943 4111 1046 4164 nomine
1055 4109 1174 4173 Cyntinia
1182 4124 1295 4163 amorem

199 4196 240 4244 est
251 4209 266 4243 a
277 4191 359 4242 serris
370 4191 489 4242 sontibus
496 4198 524 4242 et
535 4189 675 4253 furciferis,
684 4191 728 4256 qul
766 4203 863 4251 mum,
874 4187 918 4253 qui
927 4187 1032 4250 lateret,
1049 4185 1248 4248 dissimularem,
1264 4193 1295 4238 et

199 4269 308 4334 perulas
319 4264 450 4317 ducuntur
461 4264 494 4316 ad
510 4263 642 4318 infamiam
653 4265 727 4318 simol
765 4265 803 4316 lta
822 4261 939 4315 homines
958 4261 1115 4328 deciperent.
1146 4261 1223 4316 Quod
1240 4261 1295 4329 qul·
