3034 4775
258 314 301 379 42
532 330 617 379 snx.
641 332 958 383 sun.nnornnr1r
985 333 1074 381 vrrs

255 480 364 557 putet,
378 472 428 538 ita
446 471 515 539 vim
528 474 624 539 vocis
646 479 657 508 ‘
672 475 801 559 imperii
815 473 965 557 accepti'
986 493 1054 537 non
1067 472 1151 539 satis
1167 474 1354 542 exhauriri:

256 594 334 639 nam
347 574 459 638 solent
472 573 592 657 optimi
604 577 786 659 scriptores
799 581 834 641 at
842 576 955 641 Graeci
968 581 1003 638 et
1016 575 1091 639 Lat.
1105 576 1154 639 ita
1167 577 1271 659 loqui.
1295 577 1355 642 Sic

256 692 289 736 v.
304 692 335 739 c.
350 680 388 739 ut
400 674 503 739 unico
524 676 643 741 saltem
662 676 695 740 in
716 677 802 741 hanc
815 695 884 740 rem
898 681 974 740 utar
989 674 1157 757 exemplo,
1179 675 1355 743 Lucia'nus

256 774 291 839 in
319 773 467 859 Apolog.
495 796 558 860 pro
583 778 738 844 mercede
770 777 955 843 Conductis
973 775 1015 841 Τ.
1039 792 1066 841 ι.
1092 796 1127 857 p.
1145 776 1222 841 721.
1246 797 1277 843 c.
1297 779 1354 844 12.

254 876 383 958 publici
397 877 526 961 imperii
540 898 577 943 sc
588 881 785 963 participem
793 879 931 955 iactum,
945 877 1159 961 s.pnblicein
1168 879 1353 945 maximam

255 982 386 1059 purtem
400 978 533 1061 imperii
544 1000 580 1043 se
592 982 733 1058 venisse,
745 978 881 1063 (δημοσίᾳ
895 976 1087 1063 ramim
1101 982 1194 1065 ἀρχῆς
1208 984 1354 1060 κοινωνεῖν)

255 1077 381 1155 scribit,
390 1098 466 1143 cum
474 1085 603 1146 tantum
613 1102 739 1160 eorum,
752 1091 830 1166 quse
844 1084 1028 1165 agebantur
1041 1082 1075 1145 in
1085 1080 1238 1163 judiciis,
1249 1081 1353 1147 Gem-

254 1179 433 1244 mentarios
447 1180 640 1265 scribendos
666 1191 810 1261 curaret,
824 1191 860 1247 et
882 1182 1017 1247 decreta
1037 1182 1231 1265 reponenda
1243 1183 1353 1247 uade-

254 1284 316 1345 ret.
359 1277 527 1347 Memorat
540 1282 660 1365 Elegia
672 1284 703 1349 6.
718 1285 871 1368 inprimis
884 1282 1037 1349 Athenas
1051 1290 1087 1347 et
1100 1282 1234 1347 Asiam.
1266 1283 1354 1348 Gmn

253 1396 334 1443 vero
343 1378 461 1462 Elegia
475 1384 601 1466 scripta
615 1402 691 1449 esse
706 1384 827 1449 debeat
839 1387 926 1449 intra
940 1402 1046 1447 annos
1063 1386 1094 1447 5.
1114 1402 1234 1466 nempe
1247 1371 1292 1447 ab
1307 1382 1352 1447 A.

252 1479 327 1543 ⁷21.
349 1502 417 1564 quc
431 1482 549 1549 Tullus
572 1486 680 1568 ipsius
694 1491 834 1569 patruus
853 1485 970 1550 consul
984 1484 1056 1561 soit,
1079 1490 1240 1565 computo
1258 1484 1351 1548 insti·

251 1586 337 1659 tuto,
349 1584 396 1647 ad
408 1583 452 1649 rh
469 1586 511 1650 U.
531 1586 608 1651 724.
629 1608 698 1671 quo
711 1588 831 1653 librum
854 1588 998 1669 primum
1011 1603 1074 1648 nos
1089 1585 1268 1649 statuimus
1280 1585 1351 1649 edi-

250 1688 332 1761 tum,
346 1688 495 1751 exoritur
506 1688 662 1769 quaetio,
676 1706 854 1770 quamnam
867 1688 912 1751 cb
927 1704 1077 1762 causam,
1091 1692 1128 1749 et
1139 1685 1196 1748 cui
1211 1683 1350 1750 Octavi·

253 1802 338 1848 anus
351 1786 394 1849 ad
411 1784 547 1851 Actium
561 1790 667 1853 victor
681 1788 845 1871 singulare
868 1788 1045 1869 imperium
1067 1788 1103 1850 in
1116 1783 1238 1850 Asiam
1251 1784 1351 1850 deds-

252 1886 308 1962 rit,
323 1887 421 1970 cujus
436 1890 523 1953 inter
537 1891 677 1955 comites
692 1889 810 1955 Tullus
819 1889 956 1973 juvenis
971 1908 1047 1952 esse
1061 1886 1215 1969 potnerit
1258 1887 1282 1951 J
1283 1906 1350 1965 am,

252 2006 443 2071 quanquam
457 1989 613 2056 libentius
629 1992 673 2056 ab
689 1991 769 2056 aliis
790 1992 902 2056 doceri
921 1992 997 2074 ipse
1010 1990 1121 2065 veliin,
1137 1997 1351 2065 tamen,cun1

251 2092 431 2155 reshcrum
445 2110 602 2157 annornm
614 2094 898 2176 circumspicienti
906 2111 974 2155 non
989 2091 1059 2156 alia
1073 2089 1141 2154 huc
1152 2090 1280 2153 faciens
1293 2108 1351 2153 oc·

250 2196 371 2268 currat,
386 2212 486 2275 qnam
501 2196 605 2259 turbae
620 2195 689 2259 illae
703 2195 921 2277 gladiatoria,
937 2192 982 2257 ad
996 2210 1083 2275 quas
1102 2190 1351 2273 componardas

251 2290 367 2360 Guuur
380 2292 589 2359 Octavianus
605 2296 789 2361 Messalam
803 2294 847 2361 A.
863 2295 909 2359 U.
923 2294 998 2358 724.
1021 2293 1122 2368 misit,
1135 2310 1202 2355 non
1218 2290 1351 2355 dubita·

250 2413 398 2459 muscas
421 2413 440 2458 e
458 2395 565 2468 Dione
580 2397 602 2460 l.
618 2415 647 2460 c.
662 2397 805 2460 breviter
830 2413 1098 2470 commemorare,
1113 2394 1144 2456 si
1163 2394 1248 2457 forte
1268 2410 1350 2456 con·

246 2493 380 2578 jactura
394 2503 511 2560 nostra
521 2497 634 2579 peritis
647 2504 680 2561 et
688 2497 797 2579 eequis
804 2497 922 2560 harum
937 2515 1043 2559 rerum
1053 2493 1185 2558 arbitris
1193 2491 1349 2557 arrideat.

249 2595 416 2662 Antonius
429 2599 593 2675 nimirum,
608 2599 756 2663 victoriae
768 2618 839 2663 snae
853 2598 895 2662 de
904 2597 1040 2662 cesare
1049 2593 1267 2678 deportandae
1277 2611 1349 2657 cer-

250 2702 317 2775 tus,
332 2698 375 2763 ad
383 2698 484 2763 ludos
494 2699 721 2782 triumphales,
732 2719 816 2783 quos
825 2718 867 2763 se
876 2699 1046 2763 facturum
1053 2696 1222 2779 sperabat,
1231 2693 1350 2776 Cyzici

249 2819 403 2883 magnam
418 2799 640 2882 gladiatorum
655 2821 786 2865 manum
801 2802 943 2876 aluerat,
955 2797 1241 2880 exercendamque
1251 2813 1349 2860 curu·

250 2909 356 2968 verat
382 2901 610 2986 Posteaquam
619 2903 716 2986 igitur
726 2904 785 2967 isti
795 2902 948 2968 homines
958 2896 1348 2982 cognorantAntonium‚

249 3001 341 3086 apud
360 3001 497 3066 Achum
511 3001 673 3084 iugatum,
689 3004 810 3069 deinde
834 3006 869 3068 in
882 3004 1065 3085 AEgyptnm
1083 2999 1288 3079 confugisse,
1302 2998 1357 3062 ad'

248 3101 417 3167 ferendum
440 3103 507 3186 ipsi
534 3105 695 3168 auxilium
718 3105 784 3170 iter
805 3109 1035 3186 susceperant,
1061 3100 1219 3165 aerariis
1240 3098 1348 3162 turbis

247 3205 432 3289 pervarias
450 3203 545 3270 Asiae
560 3208 764 3289 provincias,
780 3205 949 3269 Galatiam
970 3203 1117 3265 maxime
1131 3206 1165 3264 et
1178 3199 1346 3277 Ciliciam,

249 3305 419 3382 excitatis,
445 3306 581 3370 tandem
611 3307 643 3369 in
668 3307 798 3390 Syriam
817 3307 1067 3378 concesserant,
1090 3301 1150 3364 ubi
1178 3299 1221 3378 Q.
1238 3299 1346 3365 Didio

247 3404 358 3489 Syriae
370 3406 529 3489 praesecto
541 3427 581 3470 ea
596 3427 672 3472 sese
687 3407 886 3471 dediderant
899 3403 1101 3478 conditione,
1111 3408 1150 3464 ut
1164 3421 1205 3464 ne
1220 3399 1346 3482 gladia·

249 3516 338 3572 tores
352 3509 493 3591 posthac
509 3513 629 3585 essent,
643 3517 748 3590 utque
763 3507 931 3589 Daphnen
939 3503 1133 3569 Antiochiae
1148 3501 1348 3566 suburbium

246 3611 297 3674 eis
309 3609 526 3676 habitandum
548 3610 754 3687 concederet,
769 3609 876 3673 donec
891 3607 1020 3670 Caesari
1041 3624 1084 3668 ea
1104 3621 1156 3665 res
1177 3601 1345 3682 signitica-

246 3715 346 3774 retur.
390 3709 440 3773 Hi
455 3711 589 3793 quidem
604 3709 813 3796 gladiatores,
829 3707 923 3772 addit
932 3707 1011 3782 Dio,
1021 3711 1143 3787 postea
1156 3723 1178 3766 a
1191 3687 1345 3766 Messala

246 3810 389 3893 decepti,
411 3810 469 3874 alii
491 3811 559 3874 alio
582 3810 722 3888 dimissi,
745 3811 845 3894 qnasi
867 3809 1051 3890 legionibus
1079 3802 1277 3878 ascribendi,
1302 3821 1345 3866 ac

244 3931 307 3997 per
335 3913 543 3977 occasionem
566 3911 727 3976 interiecti
756 3919 846 3977 sunt.
889 3911 980 3985 Jam,
1009 3907 1071 3971 etsi
1095 3905 1247 3968 Messala
1272 3911 1344 3966 tum

247 4014 408 4097 temporis
422 4031 489 4074 non
503 4011 579 4094 ipse
596 4010 716 4077 Romae
730 4012 803 4091 fuit,
817 4011 928 4096 potuit
940 4015 1051 4071 tamen
1075 4023 1117 4069 ea
1135 4022 1189 4068 res
1203 4004 1251 4067 ibi
1265 4006 1344 4066 nota

246 4112 330 4194 fieri,
339 4120 373 4178 et
386 4117 466 4197 pest
479 4130 623 4198 pugnam
634 4112 825 4194 Actiacam,
838 4131 914 4178 cum
928 4110 1000 4192 ipse
1012 4105 1182 4190 Angustus
1195 4101 1343 4168 inltalia
