3034 4775
311 316 545 367 nasutuorus
572 318 619 367 nn
641 320 801 371 suntcrs
824 322 875 371 nn
897 322 1121 376 ascensuro.
1223 312 1269 377 bb

239 458 432 543 ¹Virgilium
446 459 516 525 uidi
528 464 673 527 tautum:
694 480 757 528 nec
773 483 877 531 arara
888 463 1026 531 Tibullo

297 560 447 645 Tempus
461 561 618 628 amicitiae
629 561 703 628 iata
712 564 832 629 dedere
845 584 942 630 meae.

253 662 439 729 Successor
448 663 509 730 suit
521 664 578 730 hic
590 665 665 744 tibi,
679 665 789 745 Galle,
804 666 1004 751 Propertius
1016 668 1087 735 illi:
1187 694 1190 699 ·
1209 674 1214 681 '

295 764 452 845 Quartus,
461 768 504 832 ab
518 768 584 846 bis,
599 768 684 867 serie
698 767 871 853 temperis,
886 769 961 854 ipse
974 770 1034 836 lui.
1095 842 1100 849 ,

562 929 660 1017 Idem
672 951 775 1017 Trist
792 970 826 1017 v.
838 953 870 1017 1.
1000 934 1005 941 ⁸

252 1068 374 1153 Aptior
385 1068 462 1135 huic
479 1068 610 1147 Gallus,
624 1070 807 1154 blandique
822 1070 1021 1154 Propertius
1034 1071 1117 1148 oris,
1248 1144 1251 1148 ἵ

291 1170 417 1256 Aptior
430 1172 598 1255 ingenium
612 1176 710 1239 conia
723 1172 882 1239 Tibullus
895 1172 967 1239 erit.

339 1352 390 1419 Μ.
404 1352 530 1418 Fabius
543 1354 776 1433 Quintilianus
785 1355 894 1421 Instit.
910 1355 1001 1421 Orat
1012 1372 1051 1421 x.
1063 1355 1095 1420 1.

209 1472 327 1557 Elegia
350 1470 493 1537 Graecos
513 1490 650 1556 quoque
665 1493 910 1557 provocamus3
934 1473 1034 1557 cujus
1058 1473 1140 1539 mibi
1157 1482 1268 1543 wreus

166 1580 268 1657 atque
288 1573 426 1655 elegans
450 1574 596 1638 maxime
611 1574 745 1639 videtur
759 1581 877 1640 auctor
893 1574 1059 1640 Tibullus.
1104 1575 1189 1640 Sunt
1208 1578 1269 1661 qui

167 1674 382 1841 Engnurtrlrp
396 1674 519 1740 malint.
564 1675 709 1743 Ovidius
732 1683 874 1761 utroque
896 1676 1075 1743 lascivior:
1098 1678 1191 1743 sicut
1208 1676 1269 1741 du·

297 1930 300 1937 ’
372 1958 421 2044 u.
436 1959 595 2025 ualens
610 1960 781 2027 namura
797 1961 908 2046 epigr.
926 1977 1006 2026 vnr.
1020 1961 1073 2027 ru.

254 2090 399 2178 Cynthia
412 2098 445 2158 te
459 2099 573 2157 vatem
588 2093 678 2172 lecit,
693 2094 822 2160 lascive
837 2094 1007 2179 Properti:

175 2202 186 2249 t
296 2194 472 2277 Ingenium
485 2194 578 2259 Galli
589 2196 729 2278 pulchra
741 2196 884 2279 Lycoris
898 2204 978 2263 erat.
1064 2199 1069 2207 ’

255 2296 362 2361 Fama
376 2300 429 2359 est
443 2296 549 2379 arguti
564 2295 723 2361 Nemesis
736 2296 884 2361 formosa
895 2297 1036 2363 Tibulli:

296 2396 421 2461 Lesbia
434 2397 589 2475 dictavit,
603 2397 703 2463 docte
718 2397 864 2474 Catulle,
879 2397 953 2462 tibi.

512 2576 609 2644 Idem
624 2577 735 2663 Epigr.
751 2579 923 2644 xlv.189.

254 2693 413 2780 Cynthia,
427 2694 563 2760 facundi
578 2713 714 2760 carmen
724 2696 872 2780 juvenile
886 2695 1051 2780 Properti,
1087 2726 1089 2729 ·

277 2854 279 2862 ,
298 2796 442 2880 Accepit
455 2797 590 2875 lernam,
604 2816 667 2862 nec
682 2797 791 2862 miuus
804 2797 882 2880 ipsa
894 2797 994 2861 dedit
1069 2838 1073 2844 ·

428 2980 470 3045 a.
486 2979 653 3066 Papinius
668 2938 797 3044 statius
813 2979 906 3064 sylv.
921 2995 947 3043 ι.
961 2979 993 3046 a.

809 3097 899 3163 Data
913 3097 1064 3164 carmina
1076 3096 1173 3163 lestis

256 3198 369 3283 Digna
383 3200 476 3264 toris.
499 3197 602 3264 Hunc
613 3197 687 3284 ipse
702 3199 805 3263 cboro
821 3197 1003 3283 plaudente
1018 3198 1181 3278 Philetas,

255 3299 546 3383 Callimachusque
560 3319 678 3377 senex,
694 3299 892 3384 Umbroque
906 3300 1102 3385 Propertius
1118 3307 1212 3368 antro

256 3401 452 3467 Ambisseut
462 3401 600 3466 laudam
615 3399 717 3478 diem,
732 3419 795 3466 nec
812 3401 916 3466 tristis
930 3403 967 3466 in
980 3402 1067 3485 ipsis

255 3503 355 3570 Naso
369 3503 499 3582 Tomis,
512 3503 670 3587 divesque
683 3501 763 3596 foco
778 3497 912 3568 lucente
925 3503 1094 3569 Tibullus.

314 3689 352 3755 C.
367 3690 499 3758 Plinius
515 3689 674 3755 Caeculus
688 3687 879 3766 Secundus,
891 3685 999 3770 Epist
1009 3702 1060 3751 vr.
1071 3687 1125 3752 15.

212 3824 400 3894 Passienus
414 3824 570 3902 Paullus,
583 3821 779 3906 splendidus
794 3839 896 3905 eques
911 3818 1099 3898 Romanus,
1118 3827 1154 3885 et
1166 3821 1271 3903 inprl·

167 3927 234 3991 inis
248 3927 408 4006 eruditus,
423 3926 539 3991 scribit
552 3925 697 4009 Elegos-
716 3923 930 3990 Gentilitium
943 3921 1010 3987 boo
1022 3921 1092 3987 illi:
1113 3928 1166 3987 est
1180 3923 1270 3987 euim

165 4029 347 4113 municeps
362 4027 542 4113 Propertii,
559 4033 660 4113 atque
683 4027 788 4094 etiam
802 4027 887 4090 iuter
896 4022 1055 4106 nraioaoe
1069 4042 1158 4101 ,suos
1183 4023 1269 4089 Pro-

166 4130 315 4212 perdam
326 4137 485 4216 numerat·
591 4148 607 4195 ,·
