3034 4775
245 306 289 373 28
524 322 610 371 snx.
634 322 723 371 aun.
747 318 949 369 rnornnru
974 318 1064 369 vira

247 466 320 551 ejus
335 466 483 531 sodalem
497 465 679 548 profitetur,
695 465 786 549 quod
801 462 1017 528 inhominem
1031 462 1145 527 multis
1156 463 1254 528 anuis
1272 483 1346 530 ma-

242 572 348 654 jorem
365 587 433 633 non
448 567 548 645 cadit,
563 568 612 631 uti
626 568 762 650 agnovit
775 584 910 651 quoqne
924 564 1047 630 doctus
1062 564 1190 648 Anglns
1205 566 1347 631 Orusius

246 674 282 736 in
305 670 395 735 ‘Tbe
421 670 524 734 Lives
545 668 585 732 oi
601 668 658 734 tbe
684 670 818 735 Roman
837 667 958 733 Poets'
980 667 1347 751 vol.1.p.104.inter-

246 778 366 858 pretat.
397 770 552 837 German.
579 769 701 835 Gbrist.
731 769 837 834 Henr.
873 767 1048 846 Sohmidii,
1078 772 1139 854 qui
1166 770 1346 834 nobiscum

246 874 343 952 iacit,
359 878 392 939 et
407 872 548 940 eundern
560 870 603 937 A.
615 872 659 937 U.
669 870 709 938 0.
721 872 799 938 702.
822 870 1002 955 Propertio
1019 872 1169 953 assignat
1181 871 1346 948 natalem·

247 975 330 1039 iicet
343 974 444 1039 aliurn
463 992 566 1038 aeram
583 974 680 1057 sequi
694 972 857 1051 videatur,
871 971 973 1037 unico
988 990 1075 1036 anno
1087 990 1110 1036 a
1122 976 1247 1051 nostra,
1268 990 1347 1057 qnae

248 1074 459 1141 Varroniano
472 1080 538 1152 est,
552 1074 767 1139 differentem.
1357 1075 1361 1082 '

277 1164 347 1242 ‘De
356 1174 465 1259 patrie
476 1174 640 1259 Propertii
653 1184 746 1241 nova
759 1174 971 1240 subnascitur
984 1174 1175 1253 difficultas,
1183 1174 1265 1241 dum
1278 1192 1348 1240 non

250 1285 391 1363 septem,
416 1276 476 1342 sed
498 1278 554 1342 vel
581 1296 701 1343 novem
728 1278 838 1355 urbes,
864 1277 917 1341 uti
939 1297 958 1340 e
981 1277 1146 1342 Donnolaa
1167 1278 1280 1343 libello
1303 1276 1348 1343 de

249 1379 366 1445 Patria
381 1378 484 1461 Prop.
496 1385 640 1458 constat,
652 1379 694 1444 de
705 1378 771 1443 hoc
783 1380 868 1444 inter
880 1397 919 1444 se
929 1384 1060 1444 cenant
1073 1379 1209 1445 bonore.
1246 1378 1348 1445 Atta·

249 1498 326 1544 men
347 1479 461 1564 plnres
476 1480 592 1546 harum
612 1482 743 1546 urbium
766 1484 846 1545 sunt
858 1480 913 1545 vel
926 1480 1121 1545 recentioris
1134 1479 1284 1563 originis,
1297 1480 1348 1546 ita

250 1586 287 1645 ut
301 1581 361 1646 diu
372 1587 455 1665 post
469 1581 679 1667 Propertium
698 1583 813 1665 ipsum
833 1585 923 1646 natue
942 1582 1026 1662 sint;
1049 1581 1103 1647 rel
1122 1582 1174 1647 ita
1190 1582 1260 1647 situ
1281 1600 1348 1647 suo

249 1681 437 1765 dispositae,
449 1686 489 1747 ut
501 1682 734 1766 descriptioni,
745 1700 846 1766 quam
860 1681 973 1748 Poiita
987 1683 1029 1746 de
1043 1702 1106 1747 sna
1119 1682 1350 1767 suppeditavit
1366 1684 1369 1691 '

249 1784 372 1867 petria,
393 1784 527 1848 minime
548 1785 779 1868 respondeant,
799 1784 960 1868 adeoque,
978 1784 1127 1849 veritatis
1142 1784 1177 1849 vi
1189 1784 1349 1867 repulsae,

251 1884 295 1948 de
309 1884 469 1966 petitione
485 1903 548 1949 sue
563 1884 773 1968 Propertium
796 1886 863 1950 sibi
886 1884 1081 1950 vindicandi
1104 1886 1268 1950 decedere
1288 1904 1349 1950 co·

251 1990 382 2069 gantur.
427 1985 581 2066 Quatuor
603 1986 705 2070 igitur
724 1986 875 2070 inprimis
893 1986 993 2051 urbes
1016 1992 1157 2064 restant,
1170 2006 1249 2070 quar
1263 1988 1350 2052 cele·

250 2089 331 2153 bres
357 2089 441 2154 satis
468 2108 510 2153 ac
537 2087 680 2155 disertos
705 2106 817 2153 causae
841 2108 912 2154 suae
936 2093 1095 2171 patronos
1115 2096 1229 2153 nactae
1255 2096 1349 2169 sunt,

251 2208 459 2274 quarumque
476 2190 558 2274 jura
578 2192 651 2274 jam
671 2191 860 2257 accuratius
875 2190 920 2256 ad
933 2209 1077 2255 examen
1090 2190 1247 2255 vocanda
1259 2195 1349 2267 sunt,

251 2295 289 2353 ut
310 2298 484 2375 appareat,
507 2292 690 2357 secundnm
711 2310 812 2377 quarn
837 2291 970 2357 illarum
990 2291 1155 2357 vindicias
1169 2291 1249 2357 dare
1263 2291 1350 2356 inte-

251 2380 647 2477 giamjudicemdeeest.
1365 2384 1368 2395 ⁴

294 2494 418 2559 Tribus
439 2496 476 2561 in
497 2497 584 2562 locis
598 2496 795 2581 Propertius
810 2496 853 2562 de
868 2498 982 2581 patrie
999 2517 1062 2563 sna
1074 2499 1152 2582 egit
1196 2498 1226 2562 E
1240 2497 1354 2582 primo,

119 2625 120 2629 ¹
251 2597 343 2676 loco,
366 2617 487 2681 nempe
508 2598 585 2663 Lib.
601 2617 625 2663 r.
649 2599 701 2663 El.
724 2601 784 2665 ult.
806 2609 956 2684 apparet,
982 2601 1155 2665 Umbriam
1177 2601 1250 2686 ejus
1275 2617 1350 2663 esse

251 2701 406 2783 patriam.
451 2701 509 2766 Sic
523 2703 614 2765 enim
637 2701 684 2766 ait
706 2701 751 2766 ed
774 2701 924 2767 Tullum:
957 2702 1021 2766 ‘Si
1037 2701 1199 2766 Perusina
1212 2703 1274 2766 tibi
1288 2719 1351 2784 pa·

251 2801 324 2865 triae
339 2807 416 2868 sunt
435 2809 516 2867 nota
536 2803 677 2886 sepultae
694 2801 803 2866 ltaliae
819 2801 911 2867 duris
924 2802 1043 2868 funera
1057 2803 1271 2886 temporibus,
1288 2851 1296 2867 .
1314 2846 1321 2862 .
1339 2847 1366 2882 .,

252 2900 414 2968 Proxima
437 2903 618 2986 supposito
634 2905 829 2986 contingens
845 2903 986 2970 Umbria
1000 2923 1122 2988 campo
1145 2903 1204 2968 Me
1225 2903 1350 2987 gennit,

251 3004 348 3068 terris
360 3002 480 3068 fertilis
492 3000 678 3068 uberibus!
721 3003 841 3069 Obiter
854 3010 984 3069 tantum
1007 3006 1158 3083 observo,
1173 3005 1350 3072 Perusiam

252 3106 374 3191 ipsam,
396 3123 474 3187 quar
496 3101 601 3168 Giatti
627 3103 744 3187 opinio
767 3109 831 3182 est,
855 3123 923 3169 non
943 3125 1043 3189 posse
1063 3107 1209 3190 patriam
1232 3107 1349 3174 Po'etae

251 3207 497 3288 baberi,neque
506 3204 592 3270 adeo
601 3207 637 3270 iu
647 3225 781 3270 censum
792 3208 1075 3290 quatuorillarum
1084 3209 1217 3273 urbium
1225 3211 1351 3288 venire,

252 3327 331 3393 qum
359 3308 402 3373 de
431 3305 544 3391 patria
567 3305 684 3372 Po‘e'tae
714 3309 823 3372 nostri
849 3308 1071 3374 contendendi
1089 3309 1239 3393 aliquam
1261 3309 1350 3395 juris

253 3409 401 3493 speciem
426 3409 582 3475 babeant
626 3409 662 3474 N
664 3427 717 3473 am
744 3409 890 3486 Perusia
911 3429 978 3474 non
1000 3411 1036 3474 in
1057 3410 1207 3491 Umbria,
1230 3413 1292 3478 sed
1315 3413 1351 3479 in

138 3589 141 3592 .
253 3507 387 3575 Etruria
401 3509 466 3574 sita
479 3515 542 3575 est.

297 3610 354 3674 Ex
366 3611 470 3676 altero
488 3612 579 3691 loco,
597 3628 646 3676 ιν.
660 3613 692 3678 1.
707 3611 761 3678 65.
784 3629 835 3696 sq.
858 3618 1009 3695 apparet,
1025 3613 1192 3697 Propertii
1206 3615 1351 3698 patriam

253 3713 289 3777 in
301 3712 388 3777 valle
401 3713 552 3779 Umbriae
570 3714 621 3778 ite
643 3715 744 3779 sitam
765 3714 882 3792 inisse,
907 3720 943 3779 ut
957 3733 1053 3780 arces
1067 3717 1139 3800 eJus
1154 3716 1351 3782 scanderent

254 3818 297 3882 de
308 3816 463 3882 vallibus.
500 3815 555 3881 Ita
566 3817 654 3880 enim
667 3817 758 3881 canit
773 3815 949 3881 Romanus
963 3816 1204 3884 Callimachus:
1227 3819 1352 3884 ‘Scan-

254 3916 368 3982 dentas
383 3919 412 3983 si
428 3917 504 4003 quis
519 3916 683 4012 cemetde
695 3917 842 3982 vallibus
856 3936 964 3996 arces,
981 3916 1121 4000 Ingenio
1135 3937 1247 3984 muros
1262 3919 1353 3985 aesti-

255 4022 323 4082 met
335 4019 391 4083 ille
404 4019 504 4086 meo!

298 4119 331 4185 E
348 4122 443 4187 tertio
456 4121 598 4207 denique
612 4123 761 4210 ejusdem
775 4122 902 4207 Elegiae
917 4121 995 4187 loeo
1008 4119 1352 4203 vs.121-·126..cog-
