3034 4775
378 390 382 409 ι
496 379 567 429 ann
591 378 716 431 anuos
739 354 913 431 arcuere.
1082 376 1085 380 ·
1207 364 1253 431 8⁰
1322 454 1325 461 Ι

147 542 197 590 ex
213 524 285 591 illie
299 542 385 601 esse,
400 542 487 607 qnae
510 522 621 589 Po'etu
635 528 711 589 unte
734 544 850 591 omnea
870 524 1029 607 reliquus,
1049 522 1154 589 etium
1175 523 1252 589 libri

145 626 267 710 primi,
289 625 425 709 scripsit
434 634 456 704 ;ι
483 644 586 708 quam
605 646 697 705 vero,
716 645 794 692 cum
809 626 1012 711 quibusdum
1030 624 1121 701 aliie,
1134 631 1252 707 utpote

144 728 303 793 nondum
318 728 402 791 setis
417 727 637 804 emendatum,
651 728 802 807 neglexit
815 735 850 792 et
873 725 1062 811 suppressit
1074 729 1159 801 tum,
1173 732 1251 789 cum

144 826 277 893 librum
291 830 434 913 primum
447 830 570 893 ederet.
615 827 684 894 Cur
696 828 762 893 hoc
778 828 860 892 mihi
869 826 1099 911 persuadeam,
1113 824 1188 889 heec
1198 827 1251 889 in·

143 930 272 1011 primis
292 948 398 994 caneo
420 937 484 1008 est,
514 929 606 1013 qnod
630 931 666 993 in
690 929 755 993 illo·
772 929 926 994 Carmine
950 945 1072 991 nomeu
1096 925 1249 1009 cronio

142 1030 299 1095 nondum
314 1034 468 1109 occurrit,
484 1030 575 1114 quod
590 1051 613 1095 u
628 1030 739 1095 Poeta
752 1039 836 1113 poet
847 1029 884 1095 id
898 1030 1033 1094 demum
1043 1034 1175 1110 tempus
1189 1028 1249 1092 ad-

141 1128 294 1195 hibitum
310 1131 512 1216 Hostiaeque
527 1133 722 1216 impositum
736 1131 804 1196 fuit
817 1152 839 1196 e
853 1130 986 1214 Cyntho
998 1128 1107 1215 (sicut
1126 1146 1149 1191 u
1164 1128 1249 1193 Delo

140 1248 271 1296 nomen
285 1232 423 1317 Deliae),
438 1254 514 1299 cum
530 1235 564 1297 in
587 1235 772 1300 amicitiam
794 1250 1008 1315 umoremque
1022 1230 1096 1313 ejus
1118 1228 1247 1294 incinu-

141 1340 254 1396 aeeet.
299 1332 421 1417 Neque
436 1336 524 1399 enim
539 1334 589 1399 de·
603 1336 732 1417 nuptiis
747 1342 784 1399 et
802 1332 960 1416 conjugio
976 1330 1143 1414 Propertii
1157 1330 1248 1413 cogi·

141 1432 288 1497 mudum
302 1442 354 1498 est
368 1455 445 1499 cum
460 1437 561 1500 docto
576 1433 686 1515 Auglo
702 1433 833 1512 (inuio,
847 1432 967 1517 (Livee
981 1430 1022 1496 of
1032 1430 1088 1495 tha
1109 1430 1247 1495 Romen

141 1532 269 1611 Poets)
283 1536 499 1599 obnuntiante
514 1536 616 1599 etium
625 1535 700 1619 jure
714 1536 791 1621 ejna
801 1536 983 1615 interprete
991 1531 1174 1608 Schmidio,
1185 1530 1247 1595 aed

138 1636 308 1716 praetexit
318 1637 420 1700 modo
435 1634 545 1701 Poe'tu
557 1636 746 1701 honestetis
755 1636 901 1719 speciem
914 1633 1005 1716 turpi
1012 1632 1127 1697 emori.
1156 1629 1247 1695 Tan·

139 1740 221 1797 tum
236 1754 314 1800 vero
328 1737 451 1815 uberat,
466 1744 506 1801 ut
524 1736 598 1803 haec
621 1739 734 1803 ceutio
758 1756 782 1802 e
803 1736 982 1819 Propertio
1007 1732 1246 1808 adhibituvim
1361 1760 1365 1769 ·

141 1833 298 1917 aliquem
312 1836 348 1900 in
362 1835 514 1920 Cynthiae
530 1838 641 1903 animo
656 1837 700 1902 ed
714 1837 940 1903 constentiam
956 1835 1080 1901 amoris
1093 1834 1244 1912 heberet,

139 1938 181 1996 ut
196 1934 313 2015 potins
326 1955 410 2000 mox
425 1936 528 2001 alium
545 1937 716 2020 praeferret
739 1945 932 2015 amatorem,
946 1955 1093 2019 quocum
1111 1934 1147 1999 in
1161 1933 1245 2017 Illy-

137 2035 228 2099 rium
248 2036 418 2118 proficisci
432 2038 663 2103 meditubetnr.
708 2038 832 2121 Neque
853 2057 914 2120 per
935 2037 1126 2102 absentium
1150 2036 1244 2100 illiue

138 2136 300 2217 praetoris
321 2135 449 2221 lllyrici
470 2137 543 2201 eine
558 2138 655 2203 rivali
678 2158 754 2203 esse
769 2138 882 2220 potnit
901 2135 1020 2213 Poeta,
1036 2136 1088 2201 nti
1105 2135 1243 2217 colliges
1320 2187 1325 2195 .

137 2256 159 2299 e
177 2252 222 2301 ιι.
237 2236 290 2301 24.
304 2238 358 2303 et.
367 2238 426 2321 qui
439 2239 497 2303 ille
511 2239 586 2322 ipse
599 2238 739 2318 videtur,
755 2240 815 2323 qui
829 2258 971 2304 uxorem
985 2238 1143 2303 habebut
1165 2238 1241 2303 Lib.

142 2352 184 2400 ιι.
201 2337 255 2404 21.
269 2338 301 2402 4.
344 2337 447 2404 Illum
469 2345 652 2424 pretorem
677 2339 891 2406 Macedoniae
907 2346 942 2404 et
958 2337 1101 2406 Achaiae
1124 2344 1243 2404 censet

636 2557 742 2607 NOTAE

136 2697 233 2764 quinto
253 2695 318 2748 libro
347 2695 393 2750 inf.
413 2697 496 2762 dicto]
522 2701 670 2764 evulgatum
710 2717 765 2752 rem
784 2702 870 2752 volere
882 2699 976 2766 jubet:
1002 2697 1193 2748 Iureeundol.
1213 2703 1238 2748 8.

135 2773 265 2837 erupicor.
306 2771 383 2822 Libro
405 2773 483 2822 tertio
506 2777 545 2824 ιθ.
567 2779 589 2824 ι.
614 2775 670 2824 ‘'Pu
711 2773 1136 2840 ‘Bellecenemqueudorcripte
1152 2773 1240 2836 puelle

134 2848 264 2912 loqueris,
280 2847 382 2897 cumeis
398 2847 453 2910 jem
469 2847 670 2899 notosebulaii·
708 2859 830 2902 meeeet.
863 2852 940 2901 Nune
960 2851 1019 2900 volo
1032 2847 1162 2898 eubducto
1179 2861 1239 2912 gre·

136 2921 199 2984 bro,
219 2922 254 2970 Et
275 2929 321 2973 tue
342 2921 376 2970 rit
394 2927 450 2971 toto
469 2923 581 2984 Cynthio
600 2923 670 2972 lecte
708 2927 765 2974 rior
776 2926 915 2990 procedere
933 2926 1015 2984 vultu,
1029 2937 1098 2973 nunc
1115 2924 1239 2975 eliemci·

135 2995 223 3047 soroi’
263 2995 353 3045 ‘Noto
370 2995 449 3044 libro'
467 2996 540 3058 dicit,
557 3011 607 3045 non
623 2997 669 3047 ‘ll-
709 3001 805 3051 murem
829 3015 870 3050 me
892 2999 1047 3049 moenium
1071 2998 1166 3049 docet!
1205 2999 1238 3050 in

134 3069 211 3132 eru:
228 3076 346 3120 utunuru
365 3071 441 3120 modo
455 3070 554 3120 editum
572 3071 669 3135 signifi·
707 3077 788 3126 tertio
811 3077 852 3124 14.
872 3075 1163 3125 lt.‘1.·'ccecorouetie
1178 3089 1237 3138 por-

134 3161 198 3197 cere
210 3145 338 3196 ridentur.
369 3144 432 3206 Sed,
445 3145 495 3194 uiri
513 3147 539 3195 id
556 3147 667 3198 carmen
707 3148 1128 3214 tumtetigerepnriuefrrejecte
1136 3149 1238 3212 Syrtes,

130 3223 189 3285 jem
199 3228 268 3280 unte,
276 3235 351 3285 quem
360 3220 426 3270 liber
433 3220 560 3270 cauendus
569 3220 666 3284 publici
706 3229 817 3277 euenere
824 3227 899 3290 jectu
909 3225 970 3274 mihi
981 3230 1028 3274 eet.
1044 3224 1122 3273 Nune
1133 3225 1236 3276 demum

129 3296 200 3360 juria
218 3294 304 3356 fieret,
323 3295 492 3358 compositum
511 3303 561 3356 eet,
579 3296 667 3360 potuit
706 3311 780 3352 vasto
798 3299 859 3352 feni
876 3301 1048 3364 recipientium
1058 3301 1236 3362 ertffivtrlne.

135 3377 220 3422 totum
240 3370 287 3419 boc
304 3370 438 3432 Propertii
459 3385 524 3434 oper
546 3371 665 3434 eyoute
705 3380 785 3441 reque
803 3377 835 3426 ed
857 3390 947 3426 eanum
966 3387 1035 3424 nunc
1054 3375 1140 3424 coiere
1157 3375 1236 3426 mee!

135 3445 410 3510 inecriptnmouorniue
428 3459 493 3495 unite
510 3444 577 3495 liber
595 3445 661 3508 dici3
705 3451 759 3502 Seu
775 3451 810 3501 de
828 3451 896 3501 libro
915 3451 1006 3514 quinto
1022 3463 1099 3514 quum
1112 3453 1235 3516 concepit

134 3521 190 3572 rid.
199 3535 244 3570 noe
255 3520 288 3570 ud
300 3533 343 3570 ιιι.
353 3527 377 3570 o.
388 3524 428 3570 26.
444 3521 548 3571 Librum
559 3523 664 3572 tertium
704 3525 859 3575 cententiem
880 3523 1012 3587 Berthiur,
1038 3538 1097 3574 eum
1122 3525 1156 3574 eb
1178 3527 1235 3589 ipro

134 3610 202 3647 enno
212 3599 270 3647 ⁷³⁰.
280 3597 322 3646 vel
333 3600 389 3647 781.
405 3597 503 3647 editum
513 3611 570 3646 esre
580 3612 663 3662 prooe·
704 3598 845 3663 Propertio
856 3598 954 3647 editum
965 3612 1017 3646 nou
1028 3611 1093 3658 eree,
1109 3597 1174 3648 hunc
1185 3613 1233 3648 noe

133 3674 214 3724 mium
226 3687 257 3722 eo
269 3679 386 3734 tempore
402 3673 527 3735 rcriptum
543 3678 663 3724 tentetur.
703 3671 729 3722 in
740 3672 907 3722 comotione
922 3678 1012 3720 noetre
1026 3673 1100 3721 uorie
1110 3687 1160 3722 nee
1171 3685 1233 3722 cou-

134 3747 195 3800 Hcc
206 3747 328 3798 Berthiue
341 3761 440 3812 quoque
456 3747 664 3809 rideret,cu1ne
703 3747 850 3797 temneudie
856 3747 1014 3810 veementis
1020 3747 1233 3798 confir-urimur.

133 3824 162 3873 in
172 3825 220 3874 hoc
231 3823 334 3888 quidem
344 3837 470 3885 repugno,
479 3822 548 3887 quod
559 3822 662 3871 tertium
704 3821 861 3883 Cerminunr,
868 3835 927 3886 que
936 3823 1128 3884 complectitur,
1134 3823 1232 3873 nullum

134 3904 303 3962 quurtumque
322 3897 396 3946 simui
415 3897 499 3948 editos
518 3897 661 3948 contendit.
702 3904 864 3960 postrenum
875 3901 933 3948 ⁷³0.
944 3897 1071 3958 scripturn
1081 3911 1138 3947 eree
1150 3897 1231 3948 rideri

134 3971 320 4022 anlnmeuim
331 3972 358 4021 in
369 3981 461 4022 neutro
478 3972 662 4036 Carmenlegi·
700 3971 770 4023 idem
788 3972 911 4022 Bertiriue
927 3969 1071 4021 rationibue
1089 3970 1175 4022 eiiettr
1190 3987 1231 4023 oe·

133 4051 178 4095 tur
189 4059 256 4094 enno
266 4050 323 4095 ⁷³1.
334 4047 476 4110 portorium
496 4049 567 4100 iilum
578 4049 662 4113 iprum
700 4048 815 4113 tendit']

131 4133 228 4170 nuum
244 4127 316 4170 certo
327 4121 377 4170 ribi
388 4121 502 4172 vindicet
516 4137 593 4173 nunrn
604 4124 663 4173 libri
734 4129 743 4156 ¹
763 4127 804 4176 Ex
818 4124 920 4174 iliarum
930 4134 1037 4172 numero
1048 4128 1089 4174 ert
1100 4123 1179 4175 etiem
1195 4137 1227 4176 ιι.

71 4229 74 4238 .
134 4195 229 4259 quarti,
241 4198 280 4244 1⁷.
302 4195 334 4245 1u
345 4203 455 4261 utroque
466 4193 583 4262 Cynthio
594 4213 662 4252 emo·
701 4195 1073 4262 ro.eou.va.rr.eqq.1tein.
