<?xml version="1.0" encoding="UTF-8"?>
<!DOCTYPE html PUBLIC "-//W3C//DTD XHTML 1.0 Transitional//EN"
    "http://www.w3.org/TR/xhtml1/DTD/xhtml1-transitional.dtd">
<html xmlns="http://www.w3.org/1999/xhtml" xml:lang="en" lang="en">
 <head>
  <title>
</title>
<meta http-equiv="Content-Type" content="text/html;charset=utf-8" />
  <meta name='ocr-system' content='tesseract 3.04.00' />
  <meta name='ocr-capabilities' content='ocr_page ocr_carea ocr_par ocr_line ocrx_word'/>
</head>
<body>
  <div class='ocr_page' id='page_1' title='image "./sextiaureliipro01dubogoog_0063.png"; bbox 0 0 3034 4775; ppageno 0'>
   <div class='ocr_carea' id='block_1_1' title="bbox 267 406 1087 473">
    <p class='ocr_par' dir='ltr' id='par_1_1' title="bbox 267 406 1087 473">
     <span class='ocr_line' id='line_1_1' title="bbox 267 406 1087 473; baseline -0.017 0"><span class='ocrx_word' id='word_1_1' title='bbox 267 406 312 473; x_wconf 79' lang='grc'>50</span> <span class='ocrx_word' id='word_1_2' title='bbox 546 414 634 469; x_wconf 77' lang='lat' dir='ltr'>sax.</span> <span class='ocrx_word' id='word_1_3' title='bbox 657 414 751 465; x_wconf 72' lang='lat' dir='ltr'>nus.</span> <span class='ocrx_word' id='word_1_4' title='bbox 774 411 974 463; x_wconf 80' lang='lat' dir='ltr'>rsoraaru</span> <span class='ocrx_word' id='word_1_5' title='bbox 999 410 1087 460; x_wconf 78' lang='lat' dir='ltr'>vira</span> 
     </span>
    </p>
   </div>
   <div class='ocr_carea' id='block_1_2' title="bbox 267 556 1379 3181">
    <p class='ocr_par' dir='ltr' id='par_1_2' title="bbox 267 556 1379 3181">
     <span class='ocr_line' id='line_1_2' title="bbox 267 556 1375 646; baseline -0.011 -11"><span class='ocrx_word' id='word_1_6' title='bbox 267 564 349 635; x_wconf 77' lang='lat' dir='ltr'>rium</span> <span class='ocrx_word' id='word_1_7' title='bbox 362 560 495 641; x_wconf 73' lang='lat' dir='ltr'>Petra,</span> <span class='ocrx_word' id='word_1_8' title='bbox 510 563 744 646; x_wconf 73' lang='lat' dir='ltr'>postmortem</span> <span class='ocrx_word' id='word_1_9' title='bbox 764 556 867 635; x_wconf 90' lang='lat' dir='ltr'>illius,</span> <span class='ocrx_word' id='word_1_10' title='bbox 881 556 1002 635; x_wconf 85' lang='lat' dir='ltr'>editus,</span> <span class='ocrx_word' id='word_1_11' title='bbox 1015 562 1161 641; x_wconf 81' lang='lat' dir='ltr'><strong>possunt</strong></span> <span class='ocrx_word' id='word_1_12' title='bbox 1174 556 1281 621; x_wconf 91' lang='lat' dir='ltr'>multo</span> <span class='ocrx_word' id='word_1_13' title='bbox 1292 566 1375 623; x_wconf 87' lang='lat' dir='ltr'>ante</span> 
     </span>
     <span class='ocr_line' id='line_1_3' title="bbox 269 655 1377 751; baseline -0.01 -16"><span class='ocrx_word' id='word_1_14' title='bbox 269 669 414 751; x_wconf 80' lang='lat' dir='ltr'>scriptae</span> <span class='ocrx_word' id='word_1_15' title='bbox 424 682 512 741; x_wconf 87' lang='lat' dir='ltr'>esse,</span> <span class='ocrx_word' id='word_1_16' title='bbox 527 660 678 748; x_wconf 82' lang='lat' dir='ltr'>inprimis</span> <span class='ocrx_word' id='word_1_17' title='bbox 693 658 787 741; x_wconf 80' lang='lat' dir='ltr'>Eleg.</span> <span class='ocrx_word' id='word_1_18' title='bbox 803 655 980 742; x_wconf 83' lang='lat' dir='ltr'>tertia,(ci.</span> <span class='ocrx_word' id='word_1_19' title='bbox 990 675 1095 741; x_wconf 86' lang='lat' dir='ltr'>snpra</span> <span class='ocrx_word' id='word_1_20' title='bbox 1108 657 1152 722; x_wconf 86' lang='lat' dir='ltr'>ad</span> <span class='ocrx_word' id='word_1_21' title='bbox 1163 655 1209 722; x_wconf 71' lang='lat' dir='ltr'>A.</span> <span class='ocrx_word' id='word_1_22' title='bbox 1221 656 1266 721; x_wconf 90' lang='lat' dir='ltr'>U.</span> <span class='ocrx_word' id='word_1_23' title='bbox 1278 658 1377 744; x_wconf 88' lang='grc'><strong>731.)</strong></span> 
     </span>
     <span class='ocr_line' id='line_1_4' title="bbox 270 759 1374 851; baseline -0.009 -14"><span class='ocrx_word' id='word_1_24' title='bbox 270 775 349 836; x_wconf 85' lang='lat' dir='ltr'>euni</span> <span class='ocrx_word' id='word_1_25' title='bbox 358 767 501 835; x_wconf 84' lang='lat' dir='ltr'>ovidius</span> <span class='ocrx_word' id='word_1_26' title='bbox 514 784 648 851; x_wconf 88' lang='lat' dir='ltr'>quoque</span> <span class='ocrx_word' id='word_1_27' title='bbox 663 762 838 847; x_wconf 84' lang='lat' dir='ltr'>Epistulas</span> <span class='ocrx_word' id='word_1_28' title='bbox 851 759 1015 825; x_wconf 86' lang='lat' dir='ltr'>Heroidd.</span> <span class='ocrx_word' id='word_1_29' title='bbox 1025 759 1167 824; x_wconf 85' lang='lat' dir='ltr'>udbanc</span> <span class='ocrx_word' id='word_1_30' title='bbox 1178 760 1374 845; x_wconf 82' lang='lat' dir='ltr'>exemplum</span> 
     </span>
     <span class='ocr_line' id='line_1_5' title="bbox 271 860 1376 953; baseline -0.009 -16"><span class='ocrx_word' id='word_1_31' title='bbox 271 870 492 953; x_wconf 84' lang='lat' dir='ltr'>compositas,</span> <span class='ocrx_word' id='word_1_32' title='bbox 507 867 611 951; x_wconf 82' lang='lat' dir='ltr'>paulo</span> <span class='ocrx_word' id='word_1_33' title='bbox 623 870 705 949; x_wconf 92' lang='lat' dir='ltr'>post</span> <span class='ocrx_word' id='word_1_34' title='bbox 717 864 753 928; x_wconf 90' lang='lat' dir='ltr'>id</span> <span class='ocrx_word' id='word_1_35' title='bbox 762 862 1062 948; x_wconf 81' lang='lat' dir='ltr'>tempus&#39;edidorit-</span> <span class='ocrx_word' id='word_1_36' title='bbox 1098 860 1376 947; x_wconf 78' lang='lat' dir='ltr'>Elegiaseptima</span> 
     </span>
     <span class='ocr_line' id='line_1_6' title="bbox 270 964 1375 1051; baseline -0.006 -15"><span class='ocrx_word' id='word_1_37' title='bbox 270 990 362 1049; x_wconf 79' lang='lat' dir='ltr'>vern,</span> <span class='ocrx_word' id='word_1_38' title='bbox 383 970 418 1033; x_wconf 92' lang='lat' dir='ltr'>in</span> <span class='ocrx_word' id='word_1_39' title='bbox 438 975 578 1033; x_wconf 90' lang='lat' dir='ltr'>mortem</span> <span class='ocrx_word' id='word_1_40' title='bbox 600 966 766 1049; x_wconf 73' lang='lat' dir='ltr'>Cynthiae,</span> <span class='ocrx_word' id='word_1_41' title='bbox 786 964 891 1051; x_wconf 75' lang='lat' dir='ltr'>etiam</span> <span class='ocrx_word' id='word_1_42' title='bbox 913 971 991 1030; x_wconf 87' lang='lat' dir='ltr'>ante</span> <span class='ocrx_word' id='word_1_43' title='bbox 1012 964 1142 1048; x_wconf 80' lang='lat' dir='ltr'>scripta</span> <span class='ocrx_word' id='word_1_44' title='bbox 1162 966 1209 1030; x_wconf 89' lang='lat' dir='ltr'>sit</span> <span class='ocrx_word' id='word_1_45' title='bbox 1229 972 1375 1049; x_wconf 79' lang='lat' dir='ltr'>oportet,</span> 
     </span>
     <span class='ocr_line' id='line_1_7' title="bbox 271 1066 1374 1157; baseline -0.005 -21"><span class='ocrx_word' id='word_1_46' title='bbox 271 1068 551 1157; x_wconf 85' lang='lat' dir='ltr'>quemadmodum</span> <span class='ocrx_word' id='word_1_47' title='bbox 562 1068 679 1151; x_wconf 77' lang='lat' dir='ltr'>Elegia</span> <span class='ocrx_word' id='word_1_48' title='bbox 690 1074 814 1132; x_wconf 82' lang='lat' dir='ltr'>octava</span> <span class='ocrx_word' id='word_1_49' title='bbox 822 1068 857 1130; x_wconf 89' lang='lat' dir='ltr'>in</span> <span class='ocrx_word' id='word_1_50' title='bbox 866 1068 973 1131; x_wconf 89' lang='lat' dir='ltr'>multo</span> <span class='ocrx_word' id='word_1_51' title='bbox 986 1067 1080 1150; x_wconf 88' lang='lat' dir='ltr'>prius</span> <span class='ocrx_word' id='word_1_52' title='bbox 1091 1074 1226 1151; x_wconf 88' lang='lat' dir='ltr'>tempus</span> <span class='ocrx_word' id='word_1_53' title='bbox 1238 1066 1374 1145; x_wconf 70' lang='lat' dir='ltr'>incidit,</span> 
     </span>
     <span class='ocr_line' id='line_1_8' title="bbox 272 1168 1372 1257; baseline -0.004 -20"><span class='ocrx_word' id='word_1_54' title='bbox 272 1192 375 1257; x_wconf 86' lang='lat' dir='ltr'>quam</span> <span class='ocrx_word' id='word_1_55' title='bbox 389 1176 498 1237; x_wconf 77' lang='lat' dir='ltr'>umen</span> <span class='ocrx_word' id='word_1_56' title='bbox 512 1168 633 1247; x_wconf 71' lang='lat' dir='ltr'>Polite,</span> <span class='ocrx_word' id='word_1_57' title='bbox 649 1169 729 1233; x_wconf 82' lang='lat' dir='ltr'>viva</span> <span class='ocrx_word' id='word_1_58' title='bbox 742 1168 852 1233; x_wconf 84' lang='lat' dir='ltr'>adbuc</span> <span class='ocrx_word' id='word_1_59' title='bbox 866 1168 1025 1253; x_wconf 82' lang='lat' dir='ltr'>Cynthia,</span> <span class='ocrx_word' id='word_1_60' title='bbox 1039 1168 1139 1232; x_wconf 88' lang='lat' dir='ltr'>edere</span> <span class='ocrx_word' id='word_1_61' title='bbox 1151 1168 1299 1233; x_wconf 80' lang='lat' dir='ltr'>fortusse</span> <span class='ocrx_word' id='word_1_62' title='bbox 1311 1187 1372 1233; x_wconf 89' lang='lat' dir='ltr'>no-</span> 
     </span>
     <span class='ocr_line' id='line_1_9' title="bbox 271 1270 1373 1354; baseline -0.006 -14"><span class='ocrx_word' id='word_1_63' title='bbox 271 1274 344 1341; x_wconf 89' lang='lat' dir='ltr'>luit.</span> <span class='ocrx_word' id='word_1_64' title='bbox 388 1271 474 1338; x_wconf 87' lang='lat' dir='ltr'>Cum</span> <span class='ocrx_word' id='word_1_65' title='bbox 492 1272 594 1354; x_wconf 78' lang='lat' dir='ltr'>igitur</span> <span class='ocrx_word' id='word_1_66' title='bbox 612 1270 742 1353; x_wconf 74' lang='lat' dir='ltr'>Elegiae</span> <span class='ocrx_word' id='word_1_67' title='bbox 757 1270 929 1354; x_wconf 73' lang='lat' dir='ltr'>pleraque</span> <span class='ocrx_word' id='word_1_68' title='bbox 942 1271 1175 1334; x_wconf 86' lang='lat' dir='ltr'>contineantur</span> <span class='ocrx_word' id='word_1_69' title='bbox 1189 1270 1281 1334; x_wconf 87' lang='lat' dir='ltr'>intra</span> <span class='ocrx_word' id='word_1_70' title='bbox 1294 1285 1373 1353; x_wconf 84' lang='lat' dir='ltr'>spu-</span> 
     </span>
     <span class='ocr_line' id='line_1_10' title="bbox 272 1370 1372 1455; baseline -0.004 -14"><span class='ocrx_word' id='word_1_71' title='bbox 272 1376 355 1443; x_wconf 88' lang='lat' dir='ltr'>tium</span> <span class='ocrx_word' id='word_1_72' title='bbox 382 1393 540 1440; x_wconf 89' lang='lat' dir='ltr'>annorum</span> <span class='ocrx_word' id='word_1_73' title='bbox 556 1370 653 1439; x_wconf 72' lang='grc'><strong>110.</strong></span> <span class='ocrx_word' id='word_1_74' title='bbox 668 1372 865 1438; x_wconf 71' lang='lat' dir='ltr'>rua-739.</span> <span class='ocrx_word' id='word_1_75' title='bbox 888 1371 1020 1436; x_wconf 80' lang='lat' dir='ltr'>ridetur</span> <span class='ocrx_word' id='word_1_76' title='bbox 1044 1370 1242 1454; x_wconf 79' lang='lat' dir='ltr'>Propertius</span> <span class='ocrx_word' id='word_1_77' title='bbox 1266 1371 1372 1455; x_wconf 86' lang='lat' dir='ltr'>paulo</span> 
     </span>
     <span class='ocr_line' id='line_1_11' title="bbox 272 1472 1374 1561; baseline -0.005 -20"><span class='ocrx_word' id='word_1_78' title='bbox 272 1484 354 1561; x_wconf 87' lang='lat' dir='ltr'>post</span> <span class='ocrx_word' id='word_1_79' title='bbox 374 1484 525 1543; x_wconf 87' lang='lat' dir='ltr'>mortuus</span> <span class='ocrx_word' id='word_1_80' title='bbox 547 1495 638 1554; x_wconf 89' lang='lat' dir='ltr'>esse,</span> <span class='ocrx_word' id='word_1_81' title='bbox 668 1475 826 1558; x_wconf 79' lang='lat' dir='ltr'>adeoque</span> <span class='ocrx_word' id='word_1_82' title='bbox 850 1475 1043 1540; x_wconf 73' lang='lat' dir='ltr'>vaticinium</span> <span class='ocrx_word' id='word_1_83' title='bbox 1065 1472 1220 1556; x_wconf 72' lang='lat' dir='ltr'>Cynthius</span> <span class='ocrx_word' id='word_1_84' title='bbox 1242 1474 1374 1537; x_wconf 87' lang='lat' dir='ltr'>exitum</span> 
     </span>
     <span class='ocr_line' id='line_1_12' title="bbox 270 1574 1376 1661; baseline -0.004 -19"><span class='ocrx_word' id='word_1_85' title='bbox 270 1576 430 1644; x_wconf 80' lang='lat' dir='ltr'>habuisse</span> <span class='ocrx_word' id='word_1_86' title='bbox 447 1594 496 1642; x_wconf 83' lang='lat' dir='ltr'>tv.</span> <span class='ocrx_word' id='word_1_87' title='bbox 511 1579 543 1643; x_wconf 81' lang='lat'>7.</span> <span class='ocrx_word' id='word_1_88' title='bbox 558 1578 611 1643; x_wconf 75' lang='lat'>93.</span> <span class='ocrx_word' id='word_1_89' title='bbox 635 1582 645 1613; x_wconf 82' lang='lat'><strong><em>⁴</em></strong></span> <span class='ocrx_word' id='word_1_90' title='bbox 662 1578 765 1643; x_wconf 91' lang='lat' dir='ltr'>Nunc</span> <span class='ocrx_word' id='word_1_91' title='bbox 790 1581 824 1641; x_wconf 91' lang='lat' dir='ltr'>te</span> <span class='ocrx_word' id='word_1_92' title='bbox 836 1577 1048 1661; x_wconf 80' lang='lat' dir='ltr'>&#39;possideant</span> <span class='ocrx_word' id='word_1_93' title='bbox 1073 1575 1176 1655; x_wconf 79' lang='lat' dir='ltr'>aliae3</span> <span class='ocrx_word' id='word_1_94' title='bbox 1205 1594 1277 1639; x_wconf 77' lang='lat' dir='ltr'>croc</span> <span class='ocrx_word' id='word_1_95' title='bbox 1298 1574 1376 1639; x_wconf 77' lang='lat' dir='ltr'>solu</span> 
     </span>
     <span class='ocr_line' id='line_1_13' title="bbox 270 1674 1375 1757; baseline -0.001 -13"><span class='ocrx_word' id='word_1_96' title='bbox 270 1679 402 1745; x_wconf 83' lang='lat' dir='ltr'>tenebo.</span> <span class='ocrx_word' id='word_1_97' title='bbox 448 1677 583 1745; x_wconf 86' lang='lat' dir='ltr'>Mecum</span> <span class='ocrx_word' id='word_1_98' title='bbox 597 1680 675 1757; x_wconf 91' lang='lat' dir='ltr'>eris,</span> <span class='ocrx_word' id='word_1_99' title='bbox 684 1684 716 1743; x_wconf 86' lang='lat' dir='ltr'>et</span> <span class='ocrx_word' id='word_1_100' title='bbox 730 1678 848 1743; x_wconf 79' lang='lat' dir='ltr'>mixtis</span> <span class='ocrx_word' id='word_1_101' title='bbox 858 1679 990 1743; x_wconf 91' lang='lat' dir='ltr'>ossibus</span> <span class='ocrx_word' id='word_1_102' title='bbox 1003 1697 1085 1742; x_wconf 91' lang='lat' dir='ltr'>ossa</span> <span class='ocrx_word' id='word_1_103' title='bbox 1098 1674 1224 1741; x_wconf 69' lang='lat' dir='ltr'>terum!</span> <span class='ocrx_word' id='word_1_104' title='bbox 1268 1677 1375 1743; x_wconf 82' lang='lat' dir='ltr'>Num-</span> 
     </span>
     <span class='ocr_line' id='line_1_14' title="bbox 272 1778 1376 1866; baseline -0.004 -21"><span class='ocrx_word' id='word_1_105' title='bbox 272 1799 351 1864; x_wconf 88' lang='lat' dir='ltr'>que,</span> <span class='ocrx_word' id='word_1_106' title='bbox 373 1779 404 1844; x_wconf 90' lang='lat' dir='ltr'>si</span> <span class='ocrx_word' id='word_1_107' title='bbox 419 1778 613 1862; x_wconf 86' lang='lat' dir='ltr'>Propertius</span> <span class='ocrx_word' id='word_1_108' title='bbox 628 1780 738 1844; x_wconf 85' lang='lat' dir='ltr'>adbuc</span> <span class='ocrx_word' id='word_1_109' title='bbox 750 1779 895 1845; x_wconf 82' lang='lat' dir='ltr'>uixisset</span> <span class='ocrx_word' id='word_1_110' title='bbox 909 1799 998 1846; x_wconf 88' lang='lat' dir='ltr'>anno</span> <span class='ocrx_word' id='word_1_111' title='bbox 1014 1787 1189 1866; x_wconf 81' lang='lat' dir='ltr'>sequente,</span> <span class='ocrx_word' id='word_1_112' title='bbox 1196 1778 1376 1844; x_wconf 80' lang='lat' dir='ltr'>victoriam</span> 
     </span>
     <span class='ocr_line' id='line_1_15' title="bbox 273 1877 1376 1964; baseline -0.003 -19"><span class='ocrx_word' id='word_1_113' title='bbox 273 1880 390 1957; x_wconf 89' lang='lat' dir='ltr'>Drusi,</span> <span class='ocrx_word' id='word_1_114' title='bbox 414 1879 457 1944; x_wconf 89' lang='lat' dir='ltr'>de</span> <span class='ocrx_word' id='word_1_115' title='bbox 482 1878 613 1944; x_wconf 79' lang='lat' dir='ltr'>Rboetis</span> <span class='ocrx_word' id='word_1_116' title='bbox 637 1886 855 1964; x_wconf 85' lang='lat' dir='ltr'>reportatam,</span> <span class='ocrx_word' id='word_1_117' title='bbox 878 1881 923 1945; x_wconf 87' lang='lat' dir='ltr'>ab</span> <span class='ocrx_word' id='word_1_118' title='bbox 938 1880 1086 1946; x_wconf 88' lang='lat' dir='ltr'>Horatio</span> <span class='ocrx_word' id='word_1_119' title='bbox 1109 1888 1180 1945; x_wconf 84' lang='lat' dir='ltr'>tam</span> <span class='ocrx_word' id='word_1_120' title='bbox 1193 1877 1376 1962; x_wconf 79' lang='lat' dir='ltr'>magnifico</span> 
     </span>
     <span class='ocr_line' id='line_1_16' title="bbox 271 1979 1378 2066; baseline -0.001 -20"><span class='ocrx_word' id='word_1_121' title='bbox 271 1980 512 2065; x_wconf 81' lang='lat' dir='ltr'>luculentoque</span> <span class='ocrx_word' id='word_1_122' title='bbox 528 1980 757 2066; x_wconf 84' lang='lat' dir='ltr'>carminc(1v.</span> <span class='ocrx_word' id='word_1_123' title='bbox 775 1981 839 2045; x_wconf 87' lang='lat' dir='ltr'>Od.</span> <span class='ocrx_word' id='word_1_124' title='bbox 854 1979 903 2065; x_wconf 83' lang='grc'>4.)</span> <span class='ocrx_word' id='word_1_125' title='bbox 916 1983 1128 2061; x_wconf 82' lang='lat' dir='ltr'>celebratam,</span> <span class='ocrx_word' id='word_1_126' title='bbox 1141 1982 1278 2048; x_wconf 88' lang='lat' dir='ltr'>silentio</span> <span class='ocrx_word' id='word_1_127' title='bbox 1290 1999 1378 2064; x_wconf 81' lang='lat' dir='ltr'>prae·</span> 
     </span>
     <span class='ocr_line' id='line_1_17' title="bbox 272 2081 1376 2167; baseline -0.003 -18"><span class='ocrx_word' id='word_1_128' title='bbox 272 2083 485 2149; x_wconf 88' lang='lat' dir='ltr'>termissurus</span> <span class='ocrx_word' id='word_1_129' title='bbox 499 2100 567 2147; x_wconf 90' lang='lat' dir='ltr'>non</span> <span class='ocrx_word' id='word_1_130' title='bbox 580 2081 719 2149; x_wconf 81' lang='lat' dir='ltr'>fuisset:</span> <span class='ocrx_word' id='word_1_131' title='bbox 741 2083 808 2148; x_wconf 88' lang='lat' dir='ltr'>nisi</span> <span class='ocrx_word' id='word_1_132' title='bbox 818 2090 930 2149; x_wconf 88' lang='lat' dir='ltr'>tamen</span> <span class='ocrx_word' id='word_1_133' title='bbox 943 2084 1075 2167; x_wconf 86' lang='lat' dir='ltr'>aliquot</span> <span class='ocrx_word' id='word_1_134' title='bbox 1082 2082 1238 2149; x_wconf 84' lang='lat' dir='ltr'>fortassis</span> <span class='ocrx_word' id='word_1_135' title='bbox 1249 2082 1376 2165; x_wconf 66' lang='lat' dir='ltr'>Elegia</span> 
     </span>
     <span class='ocr_line' id='line_1_18' title="bbox 272 2182 1378 2269; baseline -0.002 -20"><span class='ocrx_word' id='word_1_136' title='bbox 272 2184 309 2249; x_wconf 92' lang='lat' dir='ltr'>in</span> <span class='ocrx_word' id='word_1_137' title='bbox 322 2184 389 2251; x_wconf 82' lang='lat' dir='ltr'>fine</span> <span class='ocrx_word' id='word_1_138' title='bbox 405 2184 533 2251; x_wconf 85' lang='lat' dir='ltr'>codicis</span> <span class='ocrx_word' id='word_1_139' title='bbox 544 2184 633 2249; x_wconf 90' lang='lat' dir='ltr'>illius</span> <span class='ocrx_word' id='word_1_140' title='bbox 645 2183 761 2251; x_wconf 87' lang='lat' dir='ltr'>detriti</span> <span class='ocrx_word' id='word_1_141' title='bbox 771 2190 874 2269; x_wconf 83' lang='lat' dir='ltr'>atque</span> <span class='ocrx_word' id='word_1_142' title='bbox 886 2185 1027 2263; x_wconf 77' lang='lat' dir='ltr'>conosi,</span> <span class='ocrx_word' id='word_1_143' title='bbox 1036 2186 1094 2269; x_wconf 90' lang='lat' dir='ltr'>qui</span> <span class='ocrx_word' id='word_1_144' title='bbox 1104 2185 1140 2247; x_wconf 92' lang='lat' dir='ltr'>in</span> <span class='ocrx_word' id='word_1_145' title='bbox 1151 2184 1238 2249; x_wconf 85' lang='lat' dir='ltr'>celle</span> <span class='ocrx_word' id='word_1_146' title='bbox 1247 2182 1378 2248; x_wconf 82' lang='lat' dir='ltr'>vinaria</span> 
     </span>
     <span class='ocr_line' id='line_1_19' title="bbox 272 2284 1379 2372; baseline -0.004 -19"><span class='ocrx_word' id='word_1_147' title='bbox 272 2287 508 2364; x_wconf 84' lang='lat' dir='ltr'>inventussuit,</span> <span class='ocrx_word' id='word_1_148' title='bbox 518 2286 757 2370; x_wconf 82' lang='lat' dir='ltr'>longinquitate</span> <span class='ocrx_word' id='word_1_149' title='bbox 767 2289 923 2372; x_wconf 79' lang='lat' dir='ltr'>temporis</span> <span class='ocrx_word' id='word_1_150' title='bbox 932 2288 1109 2371; x_wconf 85' lang='lat' dir='ltr'>perierunt</span> <span class='ocrx_word' id='word_1_151' title='bbox 1147 2284 1236 2365; x_wconf 79' lang='lat' dir='ltr'>Quen</span> <span class='ocrx_word' id='word_1_152' title='bbox 1249 2286 1279 2350; x_wconf 91' lang='lat' dir='ltr'>si</span> <span class='ocrx_word' id='word_1_153' title='bbox 1289 2285 1379 2350; x_wconf 77' lang='lat' dir='ltr'>falsa</span> 
     </span>
     <span class='ocr_line' id='line_1_20' title="bbox 273 2386 1378 2472; baseline -0.003 -18"><span class='ocrx_word' id='word_1_154' title='bbox 273 2393 326 2454; x_wconf 90' lang='lat' dir='ltr'>est</span> <span class='ocrx_word' id='word_1_155' title='bbox 341 2386 505 2472; x_wconf 87' lang='lat' dir='ltr'>suspicio,</span> <span class='ocrx_word' id='word_1_156' title='bbox 518 2387 660 2452; x_wconf 86' lang='lat' dir='ltr'>libenter</span> <span class='ocrx_word' id='word_1_157' title='bbox 668 2387 826 2470; x_wconf 88' lang='lat' dir='ltr'>equidem</span> <span class='ocrx_word' id='word_1_158' title='bbox 839 2389 1015 2457; x_wconf 81' lang='lat' dir='ltr'>subscribo</span> <span class='ocrx_word' id='word_1_159' title='bbox 1029 2389 1203 2456; x_wconf 78' lang='lat' dir='ltr'>sententies</span> <span class='ocrx_word' id='word_1_160' title='bbox 1216 2389 1240 2454; x_wconf 83' lang='lat' dir='ltr'><strong>J</strong></span> <span class='ocrx_word' id='word_1_161' title='bbox 1242 2407 1273 2453; x_wconf 90' lang='grc' dir='ltr'>ο.</span> <span class='ocrx_word' id='word_1_162' title='bbox 1283 2386 1378 2452; x_wconf 84' lang='lat' dir='ltr'>Mas·</span> 
     </span>
     <span class='ocr_line' id='line_1_21' title="bbox 272 2485 1377 2568; baseline -0.001 -13"><span class='ocrx_word' id='word_1_163' title='bbox 272 2489 349 2556; x_wconf 84' lang='lat' dir='ltr'>soni</span> <span class='ocrx_word' id='word_1_164' title='bbox 362 2489 397 2554; x_wconf 90' lang='lat' dir='ltr'>iu</span> <span class='ocrx_word' id='word_1_165' title='bbox 410 2487 482 2554; x_wconf 90' lang='lat' dir='ltr'>Vit.</span> <span class='ocrx_word' id='word_1_166' title='bbox 498 2488 598 2553; x_wconf 83' lang='lat' dir='ltr'>ovid.</span> <span class='ocrx_word' id='word_1_167' title='bbox 614 2487 657 2552; x_wconf 74' lang='lat' dir='ltr'>A.</span> <span class='ocrx_word' id='word_1_168' title='bbox 670 2485 715 2554; x_wconf 87' lang='lat' dir='ltr'>U.</span> <span class='ocrx_word' id='word_1_169' title='bbox 730 2489 807 2554; x_wconf 85' lang='grc'><strong>739.</strong></span> <span class='ocrx_word' id='word_1_170' title='bbox 824 2490 858 2554; x_wconf 93' lang='lat' dir='ltr'>in</span> <span class='ocrx_word' id='word_1_171' title='bbox 871 2491 939 2556; x_wconf 84' lang='lat' dir='ltr'>tine</span> <span class='ocrx_word' id='word_1_172' title='bbox 956 2491 1155 2556; x_wconf 83' lang='lat' dir='ltr'>scribentis:</span> <span class='ocrx_word' id='word_1_173' title='bbox 1178 2495 1190 2524; x_wconf 87' lang='lat'>‘</span> <span class='ocrx_word' id='word_1_174' title='bbox 1206 2489 1377 2568; x_wconf 86' lang='lat' dir='ltr'>Ceterum,</span> 
     </span>
     <span class='ocr_line' id='line_1_22' title="bbox 274 2589 1379 2676; baseline 0.001 -21"><span class='ocrx_word' id='word_1_175' title='bbox 274 2589 541 2675; x_wconf 86' lang='lat' dir='ltr'>quandoquidem</span> <span class='ocrx_word' id='word_1_176' title='bbox 556 2589 753 2675; x_wconf 85' lang='lat' dir='ltr'>Propertius</span> <span class='ocrx_word' id='word_1_177' title='bbox 769 2611 855 2657; x_wconf 90' lang='lat' dir='ltr'>anno</span> <span class='ocrx_word' id='word_1_178' title='bbox 869 2592 1038 2676; x_wconf 76' lang='lat' dir='ltr'>praeterito</span> <span class='ocrx_word' id='word_1_179' title='bbox 1050 2597 1266 2676; x_wconf 87' lang='lat' dir='ltr'>postremum,</span> <span class='ocrx_word' id='word_1_180' title='bbox 1288 2591 1379 2676; x_wconf 76' lang='lat' dir='ltr'>quod</span> 
     </span>
     <span class='ocr_line' id='line_1_23' title="bbox 272 2690 1379 2776; baseline -0.002 -18"><span class='ocrx_word' id='word_1_181' title='bbox 272 2693 310 2758; x_wconf 90' lang='lat' dir='ltr'>in</span> <span class='ocrx_word' id='word_1_182' title='bbox 324 2691 397 2776; x_wconf 87' lang='lat' dir='ltr'>ejus</span> <span class='ocrx_word' id='word_1_183' title='bbox 411 2690 584 2776; x_wconf 85' lang='lat' dir='ltr'>Operibus</span> <span class='ocrx_word' id='word_1_184' title='bbox 600 2693 755 2772; x_wconf 89' lang='lat' dir='ltr'>occurrit,</span> <span class='ocrx_word' id='word_1_185' title='bbox 771 2693 914 2758; x_wconf 79' lang='lat' dir='ltr'>Carmen</span> <span class='ocrx_word' id='word_1_186' title='bbox 927 2693 1090 2771; x_wconf 82' lang='lat' dir='ltr'>exaravit,</span> <span class='ocrx_word' id='word_1_187' title='bbox 1103 2694 1192 2758; x_wconf 90' lang='lat' dir='ltr'>utin</span> <span class='ocrx_word' id='word_1_188' title='bbox 1205 2692 1281 2776; x_wconf 74' lang='lat' dir='ltr'>eJus</span> <span class='ocrx_word' id='word_1_189' title='bbox 1294 2691 1379 2758; x_wconf 85' lang='lat' dir='ltr'>Vita</span> 
     </span>
     <span class='ocr_line' id='line_1_24' title="bbox 273 2791 1377 2880; baseline 0.004 -24"><span class='ocrx_word' id='word_1_190' title='bbox 273 2791 384 2858; x_wconf 82' lang='lat' dir='ltr'>insius</span> <span class='ocrx_word' id='word_1_191' title='bbox 407 2792 696 2877; x_wconf 79' lang='lat' dir='ltr'>demonstramus3</span> <span class='ocrx_word' id='word_1_192' title='bbox 729 2794 827 2880; x_wconf 88' lang='lat' dir='ltr'>[Vid.</span> <span class='ocrx_word' id='word_1_193' title='bbox 851 2795 953 2862; x_wconf 70' lang='lat' dir='ltr'>Praei.</span> <span class='ocrx_word' id='word_1_194' title='bbox 976 2801 1140 2873; x_wconf 87' lang='lat' dir='ltr'>nostrum,</span> <span class='ocrx_word' id='word_1_195' title='bbox 1162 2795 1200 2860; x_wconf 92' lang='lat' dir='ltr'>in</span> <span class='ocrx_word' id='word_1_196' title='bbox 1221 2794 1294 2875; x_wconf 86' lang='lat' dir='ltr'>tin]</span> <span class='ocrx_word' id='word_1_197' title='bbox 1315 2813 1377 2860; x_wconf 86' lang='lat' dir='ltr'>nec</span> 
     </span>
     <span class='ocr_line' id='line_1_25' title="bbox 275 2894 1377 2992; baseline 0.002 -32"><span class='ocrx_word' id='word_1_198' title='bbox 275 2894 369 2960; x_wconf 75' lang='lat' dir='ltr'>stud</span> <span class='ocrx_word' id='word_1_199' title='bbox 385 2900 449 2972; x_wconf 89' lang='lat' dir='ltr'>est,</span> <span class='ocrx_word' id='word_1_200' title='bbox 465 2895 557 2977; x_wconf 89' lang='lat' dir='ltr'>quod</span> <span class='ocrx_word' id='word_1_201' title='bbox 579 2895 624 2959; x_wconf 88' lang='lat' dir='ltr'>ad</span> <span class='ocrx_word' id='word_1_202' title='bbox 648 2897 890 2992; x_wconf 81' lang='lat' dir='ltr'>subsequentes</span> <span class='ocrx_word' id='word_1_203' title='bbox 912 2916 1018 2962; x_wconf 90' lang='lat' dir='ltr'>annos</span> <span class='ocrx_word' id='word_1_204' title='bbox 1038 2896 1158 2962; x_wconf 82' lang='lat' dir='ltr'>referre</span> <span class='ocrx_word' id='word_1_205' title='bbox 1183 2915 1244 2980; x_wconf 86' lang='lat' dir='ltr'>per</span> <span class='ocrx_word' id='word_1_206' title='bbox 1265 2903 1377 2962; x_wconf 84' lang='lat' dir='ltr'>certas</span> 
     </span>
     <span class='ocr_line' id='line_1_26' title="bbox 274 2996 1377 3084; baseline 0.004 -24"><span class='ocrx_word' id='word_1_207' title='bbox 274 2996 437 3079; x_wconf 82' lang='lat' dir='ltr'>temporis</span> <span class='ocrx_word' id='word_1_208' title='bbox 450 3000 550 3060; x_wconf 90' lang='lat' dir='ltr'>notas</span> <span class='ocrx_word' id='word_1_209' title='bbox 564 2997 680 3079; x_wconf 88' lang='lat' dir='ltr'>liceat;</span> <span class='ocrx_word' id='word_1_210' title='bbox 701 2996 780 3063; x_wconf 91' lang='lat' dir='ltr'>binc</span> <span class='ocrx_word' id='word_1_211' title='bbox 794 2997 869 3082; x_wconf 88' lang='lat' dir='ltr'>ejus</span> <span class='ocrx_word' id='word_1_212' title='bbox 884 2999 1014 3064; x_wconf 90' lang='lat' dir='ltr'>obitum</span> <span class='ocrx_word' id='word_1_213' title='bbox 1028 2999 1169 3064; x_wconf 88' lang='lat' dir='ltr'>ulterius</span> <span class='ocrx_word' id='word_1_214' title='bbox 1181 2998 1377 3084; x_wconf 81' lang='lat' dir='ltr'>protrabun-</span> 
     </span>
     <span class='ocr_line' id='line_1_27' title="bbox 275 3093 1376 3181; baseline 0.008 -22"><span class='ocrx_word' id='word_1_215' title='bbox 275 3093 363 3172; x_wconf 87' lang='lat' dir='ltr'>dum,</span> <span class='ocrx_word' id='word_1_216' title='bbox 373 3115 587 3181; x_wconf 85' lang='lat' dir='ltr'>nequaquam</span> <span class='ocrx_word' id='word_1_217' title='bbox 603 3101 818 3180; x_wconf 79' lang='lat' dir='ltr'>arbitramur3</span> <span class='ocrx_word' id='word_1_218' title='bbox 839 3102 996 3180; x_wconf 84' lang='lat' dir='ltr'>maxime,</span> <span class='ocrx_word' id='word_1_219' title='bbox 1011 3119 1088 3167; x_wconf 88' lang='lat' dir='ltr'>oum</span> <span class='ocrx_word' id='word_1_220' title='bbox 1101 3106 1234 3166; x_wconf 89' lang='lat' dir='ltr'>constet</span> <span class='ocrx_word' id='word_1_221' title='bbox 1247 3101 1376 3168; x_wconf 82' lang='lat' dir='ltr'>buncco</span> 
     </span>
    </p>
   </div>
   <div class='ocr_carea' id='block_1_3' title="bbox 139 3197 1378 3286">
    <p class='ocr_par' dir='ltr' id='par_1_3' title="bbox 139 3197 1378 3286">
     <span class='ocr_line' id='line_1_28' title="bbox 139 3197 1378 3286; baseline 0.004 -24"><span class='ocrx_word' id='word_1_222' title='bbox 139 3237 143 3244; x_wconf 89' lang='lat'><em>-</em></span> <span class='ocrx_word' id='word_1_223' title='bbox 273 3197 413 3282; x_wconf 71' lang='lat' dir='ltr'>poetam</span> <span class='ocrx_word' id='word_1_224' title='bbox 422 3198 493 3283; x_wconf 86' lang='lat' dir='ltr'>jam</span> <span class='ocrx_word' id='word_1_225' title='bbox 507 3204 584 3264; x_wconf 86' lang='lat' dir='ltr'>ante</span> <span class='ocrx_word' id='word_1_226' title='bbox 597 3201 721 3266; x_wconf 86' lang='lat' dir='ltr'>editam</span> <span class='ocrx_word' id='word_1_227' title='bbox 736 3199 856 3265; x_wconf 83' lang='lat' dir='ltr'>Artem</span> <span class='ocrx_word' id='word_1_228' title='bbox 877 3199 1089 3266; x_wconf 84' lang='lat' dir='ltr'>Amatoriam</span> <span class='ocrx_word' id='word_1_229' title='bbox 1115 3201 1212 3286; x_wconf 87' lang='lat' dir='ltr'>[Vid.</span> <span class='ocrx_word' id='word_1_230' title='bbox 1229 3220 1286 3267; x_wconf 88' lang='lat'>111.</span> <span class='ocrx_word' id='word_1_231' title='bbox 1298 3203 1378 3269; x_wconf 86' lang='grc'><strong>333.</strong></span> 
     </span>
    </p>
   </div>
   <div class='ocr_carea' id='block_1_4' title="bbox 268 3298 1380 3588">
    <p class='ocr_par' dir='ltr' id='par_1_4' title="bbox 268 3298 1380 3588">
     <span class='ocr_line' id='line_1_29' title="bbox 273 3298 1379 3386; baseline 0.004 -20"><span class='ocrx_word' id='word_1_232' title='bbox 273 3298 365 3380; x_wconf 74' lang='lat' dir='ltr'>tau]</span> <span class='ocrx_word' id='word_1_233' title='bbox 381 3298 591 3368; x_wconf 66' lang='lat' dir='ltr'>decesisse?</span> <span class='ocrx_word' id='word_1_234' title='bbox 636 3300 728 3365; x_wconf 87' lang='lat' dir='ltr'>Hinc</span> <span class='ocrx_word' id='word_1_235' title='bbox 742 3301 844 3383; x_wconf 79' lang='lat' dir='ltr'>igitur</span> <span class='ocrx_word' id='word_1_236' title='bbox 858 3307 953 3383; x_wconf 86' lang='lat' dir='ltr'>patet</span> <span class='ocrx_word' id='word_1_237' title='bbox 967 3302 1182 3386; x_wconf 86' lang='lat' dir='ltr'>Propertium</span> <span class='ocrx_word' id='word_1_238' title='bbox 1198 3303 1379 3370; x_wconf 75' lang='lat' dir='ltr'>admodum</span> 
     </span>
     <span class='ocr_line' id='line_1_30' title="bbox 268 3400 1380 3490; baseline 0.004 -24"><span class='ocrx_word' id='word_1_239' title='bbox 268 3400 443 3485; x_wconf 81' lang='lat' dir='ltr'>juvenem,</span> <span class='ocrx_word' id='word_1_240' title='bbox 457 3409 580 3469; x_wconf 87' lang='lat' dir='ltr'>etcum</span> <span class='ocrx_word' id='word_1_241' title='bbox 596 3401 704 3466; x_wconf 90' lang='lat' dir='ltr'>multo</span> <span class='ocrx_word' id='word_1_242' title='bbox 718 3401 820 3467; x_wconf 88' lang='lat' dir='ltr'>etiam</span> <span class='ocrx_word' id='word_1_243' title='bbox 834 3401 971 3468; x_wconf 86' lang='lat' dir='ltr'>brevius</span> <span class='ocrx_word' id='word_1_244' title='bbox 990 3403 1075 3470; x_wconf 84' lang='lat' dir='ltr'>forte</span> <span class='ocrx_word' id='word_1_245' title='bbox 1099 3405 1262 3489; x_wconf 90' lang='lat' dir='ltr'>spatium,</span> <span class='ocrx_word' id='word_1_246' title='bbox 1277 3423 1380 3490; x_wconf 82' lang='lat' dir='ltr'>quam</span> 
     </span>
     <span class='ocr_line' id='line_1_31' title="bbox 268 3501 1377 3588; baseline 0.004 -19"><span class='ocrx_word' id='word_1_247' title='bbox 268 3505 351 3588; x_wconf 70' lang='lat' dir='ltr'>,ipse</span> <span class='ocrx_word' id='word_1_248' title='bbox 366 3501 531 3582; x_wconf 85' lang='lat' dir='ltr'>Tibullus,</span> <span class='ocrx_word' id='word_1_249' title='bbox 545 3503 778 3588; x_wconf 84' lang='lat' dir='ltr'>percurrisset,</span> <span class='ocrx_word' id='word_1_250' title='bbox 791 3511 960 3570; x_wconf 92' lang='lat' dir='ltr'>mortuum</span> <span class='ocrx_word' id='word_1_251' title='bbox 973 3525 1071 3587; x_wconf 86' lang='lat' dir='ltr'>esse;</span> <span class='ocrx_word' id='word_1_252' title='bbox 1089 3508 1146 3572; x_wconf 85' lang='lat' dir='ltr'>cui</span> <span class='ocrx_word' id='word_1_253' title='bbox 1159 3508 1209 3572; x_wconf 89' lang='lat' dir='ltr'>rei</span> <span class='ocrx_word' id='word_1_254' title='bbox 1224 3513 1235 3542; x_wconf 87' lang='lat'>‘</span> <span class='ocrx_word' id='word_1_255' title='bbox 1250 3506 1377 3572; x_wconf 87' lang='lat' dir='ltr'>indicio</span> 
     </span>
    </p>
   </div>
   <div class='ocr_carea' id='block_1_5' title="bbox 273 3586 1500 3694">
    <p class='ocr_par' dir='ltr' id='par_1_5' title="bbox 273 3586 1500 3694">
     <span class='ocr_line' id='line_1_32' title="bbox 273 3586 1500 3694; baseline 0.005 -26"><span class='ocrx_word' id='word_1_256' title='bbox 273 3623 410 3688; x_wconf 89' lang='lat' dir='ltr'>qnoque</span> <span class='ocrx_word' id='word_1_257' title='bbox 422 3603 540 3668; x_wconf 82' lang='lat' dir='ltr'>suerint</span> <span class='ocrx_word' id='word_1_258' title='bbox 550 3609 603 3669; x_wconf 89' lang='lat' dir='ltr'>tot</span> <span class='ocrx_word' id='word_1_259' title='bbox 616 3623 657 3668; x_wconf 85' lang='lat' dir='ltr'>ao</span> <span class='ocrx_word' id='word_1_260' title='bbox 672 3609 765 3668; x_wconf 87' lang='lat' dir='ltr'>tanta</span> <span class='ocrx_word' id='word_1_261' title='bbox 776 3603 896 3670; x_wconf 66' lang='lat' dir='ltr'>Poeta</span> <span class='ocrx_word' id='word_1_262' title='bbox 910 3606 1022 3689; x_wconf 90' lang='lat' dir='ltr'>ipsius</span> <span class='ocrx_word' id='word_1_263' title='bbox 1037 3609 1378 3694; x_wconf 87' lang='lat' dir='ltr'>testimonie,quibus</span> <span class='ocrx_word' id='word_1_264' title='bbox 1499 3586 1500 3645; x_wconf 38' lang='grc'><strong>1</strong></span> 
     </span>
    </p>
   </div>
   <div class='ocr_carea' id='block_1_6' title="bbox 201 3703 1381 4298">
    <p class='ocr_par' dir='ltr' id='par_1_6' title="bbox 201 3703 1381 4298">
     <span class='ocr_line' id='line_1_33' title="bbox 273 3703 1379 3795; baseline 0.009 -26"><span class='ocrx_word' id='word_1_265' title='bbox 273 3710 311 3770; x_wconf 89' lang='lat' dir='ltr'>ut</span> <span class='ocrx_word' id='word_1_266' title='bbox 319 3703 609 3770; x_wconf 84' lang='lat' dir='ltr'>viridissimoflore</span> <span class='ocrx_word' id='word_1_267' title='bbox 617 3703 768 3785; x_wconf 87' lang='lat' dir='ltr'>ephebus</span> <span class='ocrx_word' id='word_1_268' title='bbox 784 3706 924 3788; x_wconf 87' lang='lat' dir='ltr'>passim,</span> <span class='ocrx_word' id='word_1_269' title='bbox 936 3728 979 3773; x_wconf 86' lang='lat' dir='ltr'>ac</span> <span class='ocrx_word' id='word_1_270' title='bbox 990 3709 1082 3776; x_wconf 84' lang='lat' dir='ltr'>velut</span> <span class='ocrx_word' id='word_1_271' title='bbox 1096 3711 1130 3776; x_wconf 91' lang='lat' dir='ltr'>in</span> <span class='ocrx_word' id='word_1_272' title='bbox 1141 3712 1261 3795; x_wconf 88' lang='lat' dir='ltr'>primis</span> <span class='ocrx_word' id='word_1_273' title='bbox 1269 3713 1379 3779; x_wconf 79' lang='lat' dir='ltr'>adbuc</span> 
     </span>
     <span class='ocr_line' id='line_1_34' title="bbox 255 3803 1381 3895; baseline 0.008 -23"><span class='ocrx_word' id='word_1_274' title='bbox 255 3805 343 3888; x_wconf 49' lang='lat' dir='ltr'>,iilis</span> <span class='ocrx_word' id='word_1_275' title='bbox 357 3805 596 3869; x_wconf 73' lang='lat' dir='ltr'>adolescentiae</span> <span class='ocrx_word' id='word_1_276' title='bbox 609 3803 714 3884; x_wconf 80' lang='lat' dir='ltr'>iretis,</span> <span class='ocrx_word' id='word_1_277' title='bbox 741 3827 764 3872; x_wconf 86' lang='lat' dir='ltr'>a</span> <span class='ocrx_word' id='word_1_278' title='bbox 786 3828 823 3874; x_wconf 89' lang='lat' dir='ltr'>se</span> <span class='ocrx_word' id='word_1_279' title='bbox 844 3808 1033 3894; x_wconf 76' lang='lat' dir='ltr'>depingitur</span> <span class='ocrx_word' id='word_1_280' title='bbox 1044 3809 1064 3892; x_wconf 76' lang='grc' dir='ltr'>ς’</span> <span class='ocrx_word' id='word_1_281' title='bbox 1086 3831 1164 3895; x_wconf 72' lang='lat' dir='ltr'>qum</span> <span class='ocrx_word' id='word_1_282' title='bbox 1184 3817 1381 3880; x_wconf 76' lang='lat' dir='ltr'>smtrertc</span> 
     </span>
     <span class='ocr_line' id='line_1_35' title="bbox 274 3904 1381 3984; baseline 0.01 -14"><span class='ocrx_word' id='word_1_283' title='bbox 274 3905 298 3970; x_wconf 83' lang='lat' dir='ltr'><strong>J</strong></span> <span class='ocrx_word' id='word_1_284' title='bbox 303 3953 311 3972; x_wconf 91' lang='lat'><strong>.</strong></span> <span class='ocrx_word' id='word_1_285' title='bbox 325 3905 454 3972; x_wconf 83' lang='lat' dir='ltr'>Dousoe</span> <span class='ocrx_word' id='word_1_286' title='bbox 465 3905 500 3967; x_wconf 91' lang='lat' dir='ltr'>in</span> <span class='ocrx_word' id='word_1_287' title='bbox 509 3904 630 3970; x_wconf 83' lang='lat' dir='ltr'>Sobed.</span> <span class='ocrx_word' id='word_1_288' title='bbox 639 3907 767 3972; x_wconf 89' lang='lat' dir='ltr'>succid.</span> <span class='ocrx_word' id='word_1_289' title='bbox 802 3907 971 3976; x_wconf 85' lang='lat' dir='ltr'>Tibullum</span> <span class='ocrx_word' id='word_1_290' title='bbox 980 3912 1025 3977; x_wconf 85' lang='lat' dir='ltr'>ad</span> <span class='ocrx_word' id='word_1_291' title='bbox 1033 3913 1201 3979; x_wconf 82' lang='lat' dir='ltr'>maturius</span> <span class='ocrx_word' id='word_1_292' title='bbox 1214 3935 1258 3982; x_wconf 85' lang='lat' dir='ltr'>uc</span> <span class='ocrx_word' id='word_1_293' title='bbox 1271 3917 1381 3984; x_wconf 87' lang='lat' dir='ltr'>serius</span> 
     </span>
     <span class='ocr_line' id='line_1_36' title="bbox 280 4007 1379 4100; baseline 0.01 -26"><span class='ocrx_word' id='word_1_294' title='bbox 280 4009 393 4076; x_wconf 78' lang='lat' dir='ltr'>atatis</span> <span class='ocrx_word' id='word_1_295' title='bbox 408 4007 557 4092; x_wconf 85' lang='lat' dir='ltr'>spatium</span> <span class='ocrx_word' id='word_1_296' title='bbox 572 4011 763 4092; x_wconf 88' lang='lat' dir='ltr'>pervenisse</span> <span class='ocrx_word' id='word_1_297' title='bbox 784 4013 839 4078; x_wconf 81' lang='lat' dir='ltr'>vel</span> <span class='ocrx_word' id='word_1_298' title='bbox 859 4012 926 4078; x_wconf 87' lang='lat' dir='ltr'>boo</span> <span class='ocrx_word' id='word_1_299' title='bbox 950 4033 1027 4080; x_wconf 87' lang='lat' dir='ltr'>esse</span> <span class='ocrx_word' id='word_1_300' title='bbox 1044 4020 1157 4098; x_wconf 88' lang='lat' dir='ltr'>potest</span> <span class='ocrx_word' id='word_1_301' title='bbox 1169 4025 1379 4100; x_wconf 63' lang='lat' dir='ltr'>agumentc,</span> 
     </span>
     <span class='ocr_line' id='line_1_37' title="bbox 201 4107 1380 4204; baseline 0.011 -33"><span class='ocrx_word' id='word_1_302' title='bbox 201 4133 203 4139; x_wconf 95' lang='lat'>·</span> <span class='ocrx_word' id='word_1_303' title='bbox 274 4108 367 4199; x_wconf 85' lang='lat' dir='ltr'>quod</span> <span class='ocrx_word' id='word_1_304' title='bbox 381 4107 545 4174; x_wconf 77' lang='lat' dir='ltr'>Horatius</span> <span class='ocrx_word' id='word_1_305' title='bbox 560 4109 654 4176; x_wconf 90' lang='lat' dir='ltr'>illius</span> <span class='ocrx_word' id='word_1_306' title='bbox 663 4111 797 4196; x_wconf 90' lang='lat' dir='ltr'>jndicio</span> <span class='ocrx_word' id='word_1_307' title='bbox 812 4135 850 4180; x_wconf 93' lang='lat' dir='ltr'>se</span> <span class='ocrx_word' id='word_1_308' title='bbox 866 4133 964 4180; x_wconf 90' lang='lat' dir='ltr'>usum</span> <span class='ocrx_word' id='word_1_309' title='bbox 980 4117 1098 4182; x_wconf 90' lang='lat' dir='ltr'>scribit</span> <span class='ocrx_word' id='word_1_310' title='bbox 1111 4116 1148 4180; x_wconf 88' lang='lat' dir='ltr'>S.</span> <span class='ocrx_word' id='word_1_311' title='bbox 1161 4133 1185 4180; x_wconf 87' lang='lat'>1.</span> <span class='ocrx_word' id='word_1_312' title='bbox 1200 4121 1234 4184; x_wconf 85' lang='grc'>4.</span> <span class='ocrx_word' id='word_1_313' title='bbox 1250 4122 1282 4183; x_wconf 94' lang='lat' dir='ltr'>l.</span> <span class='ocrx_word' id='word_1_314' title='bbox 1297 4120 1380 4204; x_wconf 87' lang='lat' dir='ltr'>quin</span> 
     </span>
     <span class='ocr_line' id='line_1_38' title="bbox 275 4207 1379 4298; baseline 0.008 -21"><span class='ocrx_word' id='word_1_315' title='bbox 275 4209 308 4278; x_wconf 87' lang='lat' dir='ltr'>in</span> <span class='ocrx_word' id='word_1_316' title='bbox 323 4207 427 4274; x_wconf 90' lang='lat' dir='ltr'>nobili</span> <span class='ocrx_word' id='word_1_317' title='bbox 442 4207 504 4273; x_wconf 91' lang='lat' dir='ltr'>illo</span> <span class='ocrx_word' id='word_1_318' title='bbox 520 4209 687 4294; x_wconf 81' lang='lat' dir='ltr'>Carmine,</span> <span class='ocrx_word' id='word_1_319' title='bbox 698 4233 767 4298; x_wconf 90' lang='lat' dir='ltr'>qno</span> <span class='ocrx_word' id='word_1_320' title='bbox 778 4210 978 4282; x_wconf 85' lang='lat' dir='ltr'>Venusinus</span> <span class='ocrx_word' id='word_1_321' title='bbox 991 4215 1100 4282; x_wconf 77' lang='lat' dir='ltr'>Po&#39;etu</span> <span class='ocrx_word' id='word_1_322' title='bbox 1112 4218 1286 4290; x_wconf 83' lang='lat' dir='ltr'>Tibullum</span> <span class='ocrx_word' id='word_1_323' title='bbox 1300 4239 1379 4286; x_wconf 91' lang='lat' dir='ltr'>oon·</span> 
     </span>
    </p>
   </div>
   <div class='ocr_carea' id='block_1_7' title="bbox 0 0 1534 4775">
    <p class='ocr_par' dir='ltr' id='par_1_7' title="bbox 0 0 1534 4775">
     <span class='ocr_line' id='line_1_39' title="bbox 0 0 1534 4775; baseline 0 0"><span class='ocrx_word' id='word_1_324' title='bbox 0 0 1534 4775; x_wconf 95' lang='lat' dir='ltr'> </span> 
     </span>
    </p>
   </div>
  </div>
 </body>
</html>
