3034 4775
603 402 813 463 rusulum.
1213 404 1256 468 21

159 560 255 645 plura
268 559 347 642 ipsi,
362 556 516 623 codicum
537 557 698 623 lectiones
721 560 765 631 ab
788 556 865 622 aliis
879 560 1031 623 enotatas
1045 558 1257 641 excutiendo,

29 674 34 691 ’
159 662 341 747 reperient3
362 660 417 725 hic
442 660 530 724 cuim
553 680 740 724 enumcrare
764 678 808 725 ea
828 659 900 723 sine
918 665 1036 724 nostra
1049 661 1258 729 etlectorum

158 762 312 827 molestia
325 762 518 844 neutiquam
531 778 725 843 possumus.

202 864 359 929 Bonitate
382 862 493 945 igitur,
508 862 653 927 sortasse
666 880 733 926 non
756 861 837 926 item
854 867 1036 941 vetustate,
1057 862 1164 949 (certe
1178 868 1260 933 nihil

158 964 326 1051 ejusmodi
341 968 534 1029 annotatum
550 963 593 1027 ab
608 964 670 1040 eis,
680 962 739 1045 qui
752 962 877 1027 librum
890 962 1118 1045 inspuerunt,
1131 967 1261 1053 videa)

159 1062 385 1150 principatum
407 1066 492 1131 inter
521 1063 619 1131 codd.
649 1064 889 1148 Propertianos
918 1070 1030 1131 tenent
1058 1069 1260 1135 membranas

159 1158 383 1251 Groninganoe
396 1168 431 1232 in
447 1167 548 1234 ltalia
563 1168 776 1251 conscriptae
822 1166 934 1249 Hujus
955 1166 1030 1231 libri
1050 1167 1212 1235 lectiones
1224 1172 1259 1236 J.

160 1268 210 1332 Μ.
226 1269 427 1347 Palmerius,
451 1268 490 1332 F.
506 1268 656 1346 Medius,
678 1267 712 1332 J.
728 1264 974 1344 Bronklrusius,
997 1267 1038 1332 P.
1050 1268 1261 1339 Burmannus

159 1374 397 1451 enotaveruut;
418 1390 515 1435 nemo
538 1374 650 1435 tamen
673 1388 800 1446 omnes,
814 1374 865 1447 ut,
878 1369 1032 1451 quamuis
1044 1369 1107 1435 hos
1120 1380 1262 1439 cunctos

160 1472 333 1555 inspicias,
347 1477 460 1537 umen
480 1472 523 1536 do
545 1472 660 1537 multis
681 1471 767 1535 locis
782 1470 924 1534 dubites.
967 1470 1134 1551 Ceterum,
1148 1495 1191 1542 ne
1205 1477 1262 1541 cni

159 1578 283 1638 temere
305 1572 435 1651 credas,
451 1571 573 1655 singuli
594 1571 776 1655 aliquoties
797 1560 929 1647 fallunt,
945 1570 1131 1637 Palmarius
1151 1581 1262 1641 tamen

159 1679 193 1739 et
218 1674 426 1739 Burmannus
450 1674 570 1739 ceteris
591 1672 810 1759 frequentius.
853 1669 940 1750 Quae
961 1691 1043 1737 vero
1065 1674 1155 1740 idem
1176 1677 1262 1743 Bur·

160 1793 303 1839 mannus
327 1775 486 1853 adhibuit,
508 1774 679 1859 Excerpta
700 1774 740 1839 F.
753 1773 878 1852 Medii,
901 1792 1017 1839 eornm
1038 1794 1118 1859 pars
1139 1796 1185 1842 ex
1198 1779 1263 1845 hoc

160 1876 247 1940 libro
260 1884 324 1953 est,
339 1876 409 1941 alia
422 1896 467 1941 ex
482 1876 559 1941 aliis
575 1876 806 1953 deterioribus,
823 1873 915 1959 quod
929 1893 973 1939 ex
987 1876 1074 1959 ipsis
1088 1878 1263 1963 scripturis

160 1996 237 2041 cum
250 1974 332 2039 alibi
345 1980 417 2040 tum
430 1975 517 2041 libro
532 1992 572 2040 ιι.
586 1974 639 2039 13.
655 1975 687 2040 1.
701 1976 793 2060 apud
808 1975 1036 2041 Burmannum
1049 1977 1226 2064 intelliges.

204 2076 289 2143 God.
304 2076 565 2161 Grouinganum,
580 2078 639 2160 qui
661 2096 776 2143 veram
789 2077 969 2143 multorum
981 2077 1135 2145 locorum
1147 2082 1262 2148 lectio·

160 2198 237 2244 nem
251 2198 336 2244 unus
349 2179 499 2245 omnium
513 2178 649 2257 indicat,
665 2178 822 2260 proxime
835 2178 1087 2261 subsequuntur
1099 2184 1263 2251 membra·

161 2301 214 2347 nae
236 2280 486 2365 Neapolitana,
502 2300 589 2366 quas
613 2280 778 2345 Heinsius
803 2280 887 2345 satis
911 2281 1111 2366 negligenter
1131 2289 1166 2349 et
1186 2305 1263 2353 cum

161 2384 374 2450 festinatione
390 2384 539 2461 contulit,
555 2383 704 2468 Neapoli
719 2382 763 2448 ad
780 2382 818 2449 S.
832 2381 855 2447 J
857 2402 1002 2448 oannem
1016 2383 1262 2454 Carbonarium
1278 2388 1281 2393 ’

161 2487 270 2552 visas:
293 2507 380 2551 nnnc
404 2485 661 2570 Guelferbytum
682 2492 772 2551 tenet
794 2486 879 2550 inter
900 2485 996 2551 codd.
1020 2487 1198 2556 Gudianus
1211 2493 1263 2556 in·

163 2587 304 2670 signitas
316 2609 349 2652 n.
362 2588 438 2654 224.
452 2588 540 2653 unde
555 2607 633 2653 cum
647 2587 768 2653 ceteris
782 2587 826 2652 ad
840 2587 940 2653 breve
953 2595 1086 2672 tempus
1104 2598 1183 2656 ante
1196 2589 1263 2658 hoc

162 2690 337 2755 triennium
350 2691 385 2754 in
399 2691 516 2755 urbem
530 2698 679 2755 nostram
687 2689 866 2754 translatas
875 2708 939 2753 nos
952 2690 1080 2773 maJore
1090 2711 1166 2756 cum
1181 2712 1265 2758 cura

161 2809 225 2855 nec
240 2791 311 2856 sine
325 2790 434 2856 fructu
446 2792 669 2856 excussimus.
705 2789 775 2856 Hic
788 2795 899 2854 autem
912 2790 1036 2867 codex,
1048 2791 1264 2877 Groningano

161 2891 223 2956 vix
245 2891 376 2968 interior
397 2891 557 2968 bonitate,
581 2897 615 2954 et
633 2892 677 2956 ab
700 2891 791 2954 omni
817 2895 913 2972 parte
932 2889 1071 2972 integer,
1084 2893 1152 2957 nisi
1171 2895 1265 2979 quod

162 2991 323 3057 carminis
358 2991 520 3074 postremi
547 3009 628 3074 pars
666 2987 737 3073 (vv.
761 2985 921 3071 17-74.)
950 2989 1129 3072 intercidit,
1167 3002 1264 3062 exne

163 3091 299 3158 Italiam
314 3091 458 3174 scriptus
471 3099 522 3156 est
536 3095 615 3154 anto
627 3108 735 3154 annos
749 3089 853 3154 ferme
860 3089 1065 3174 quingentos,
1079 3095 1169 3161 undo
1181 3100 1265 3164 satis

164 3194 324 3278 antiquus
336 3192 458 3257 'dicitur
479 3189 625 3256 Heinsio
646 3192 681 3256 in
703 3188 792 3255 Adv.
809 3207 849 3254 11.
864 3192 896 3256 6.
911 3211 945 3275 p.
959 3191 1034 3258 247.
1057 3199 1093 3261 et
1105 3195 1263 3264 ad'Ovid.

163 3293 209 3360 A.
233 3291 276 3358 A.
301 3308 356 3358 111.
379 3291 457 3358 154.
500 3290 657 3358 Getarum
680 3292 719 3357 L.
747 3291 925 3357 Santonins
947 3292 983 3356 in
1006 3294 1110 3362 Praei.
1133 3317 1155 3363 a
1178 3300 1265 3366 Bur·

164 3379 287 3462 menno
298 3395 476 3477 aliquoties
488 3393 757 3477 Neapolitanum
768 3392 953 3458 secundum
966 3386 1099 3460 laudari
1110 3396 1265 3485 miratur3

165 3496 254 3581 quod
276 3514 343 3560 non
360 3495 467 3560 'modo
482 3493 697 3578 frequentius,
712 3514 816 3579 quam
838 3494 897 3558 ille
912 3495 1156 3577 animadvertit,
1169 3501 1264 3580 facit,
1296 3547 1305 3560 ,

165 3597 225 3662 sed
248 3604 283 3662 et
306 3599 456 3682 quintum
480 3600 718 3660 commemorat
744 3595 815 3660 ι.4.
830 3593 883 3658 22.
909 3611 933 3659 1.
947 3597 979 3660 6.
994 3597 1048 3661 22.
1070 3605 1113 3677 et,
1126 3600 1158 3664 si
1175 3609 1266 3667 recte

164 3700 308 3776 memini,
323 3699 462 3782 saepius.
503 3697 642 3764 Scilicet
656 3697 733 3762 inde
746 3706 889 3761 errorem
901 3703 1020 3764 natum
1032 3716 1108 3764 esse
1121 3707 1265 3782 constat,

165 3800 257 3884 quod
273 3800 437 3865 Heinsius
451 3800 494 3865 ad
515 3800 706 3882 exemplum
729 3798 966 3889 prplrianum
988 3804 1023 3864 et
1045 3800 1267 3885 Neapolitani

165 3901 994 3988 etquinqueVaticanorumscripturasnotaverat3
1016 3921 1057 3966 ne
1071 3903 1266 3972 Santeuium

165 4023 355 4088 sequamur,
371 4003 588 4088 Neapolitani
611 4003 751 4070 secundi
772 4002 931 4068 lectiones
951 4004 988 4068 in
1002 4007 1161 4090 exemplo
1176 4008 1266 4076 Vos·

167 4104 265 4169 siano
285 4105 499 4171 bibliothocae
523 4105 711 4183 leidensis,
734 4103 900 4168 Historia.
922 4123 955 4167 u.
966 4105 1041 4170 418.
1055 4107 1171 4174 haberi
1184 4129 1265 4177 con·

162 4206 350 4290 jectautem.
380 4205 477 4273 Certo
493 4205 586 4291 quod
598 4204 778 4272 Sentenius
791 4205 828 4270 in
843 4219 893 4269 lv.
906 4203 1024 4276 luel.
1039 4228 1062 4275 a
1075 4209 1206 4278 Vossio
1219 4231 1265 4278 ex
