3034 4775
514 362 521 377 ·
545 350 616 399 nra
640 353 666 401 ι.
689 352 798 401 ιιιιι.
820 338 853 401 7.

154 492 214 557 Me
227 493 317 575 legat
330 492 464 560 assidue
479 500 559 576 post
572 494 647 559 baee
661 493 834 577 neglectus
847 503 1003 577 amatum

195 593 242 657 Iit
255 593 383 676 prosint
397 593 448 657 illi
461 594 599 676 cognita
611 601 726 659 nostm
740 595 841 659 mala.
1043 604 1047 611 ’

152 694 204 758 Te
220 712 355 777 quoque
371 695 402 757 si
415 702 504 760 certo
518 714 600 779 puer
614 696 669 760 bic
685 696 897 759 concusserit
911 714 1001 773 arcu,

193 793 314 880 (Quod
331 796 435 859 nolim
448 802 582 860 nostros
597 798 767 862 evoluisse
782 793 907 880 Deus,)

153 895 269 979 Longe
285 904 400 960 castra
415 898 487 975 tibi,
502 898 597 979 longe
610 900 711 961 miser
725 898 859 979 agmina
872 904 1003 981 septem

197 997 313 1062 Flebis
328 999 364 1062 in
379 1005 504 1062 aeterno
518 998 620 1064 surda
629 998 745 1083 jacere
761 1000 848 1064 situ:

150 1167 288 1223 conteratur,
299 1164 465 1225 menqnemuiu
473 1168 528 1212 uota
540 1163 588 1227 ipsi
597 1164 699 1227 pariat.
737 1164 813 1227 Teque
821 1162 904 1223 etiam,
911 1163 933 1211 ei
941 1178 1001 1226 puer
1008 1162 1054 1212 ieie
1061 1164 1133 1214 Deus
1143 1164 1256 1217 inelucta-

152 1228 196 1275 bili
207 1228 252 1274 telo
262 1228 386 1339 consumit
396 1228 743 1305 (quodlnou'opturimqtameu
761 1228 788 1275 in
809 1236 836 1277 te
857 1228 936 1303 lJiaee
950 1243 1013 1277 mee
1025 1229 1166 1304 ultorium)
1173 1235 1257 1307 prorui

152 1298 253 1341 erunta
265 1296 287 1339 te
312 1293 457 1355 eltu,procul
471 1292 557 1351 tafalia
575 1292 669 1353 iugebrr
686 1298 775 1355 reptem
789 1296 907 1341 exeredes
922 1294 1004 1341 tardet
1019 1306 1047 1341 ta
1062 1300 1177 1358 perpetue
1190 1310 1256 1346 carte

614 1399 777 1419 &emm
782 1401 793 1421 Ι

151 1467 210 1531 piar
221 1466 403 1516 Paeonia-1³
420 1467 649 1517 emarcuerat.
662 1468 787 1529 Neap.et
807 1468 958 1517 Colat—ll
977 1469 1011 1517 Ut
1027 1482 1078 1517 neu
1094 1470 1172 1531 male,
1191 1469 1256 1520 ’udi-

150 1538 228 1580 cante
237 1531 328 1581 Burm.
340 1530 365 1578 in
377 1530 597 1580 bisintinum-15
615 1532 727 1580 Percurre.
740 1531 811 1593 Guy.
822 1539 852 1580 et
862 1531 900 1579 sie
912 1531 1040 1580 Valckeu.
1058 1532 1091 1580 ad
1101 1534 1163 1582 Eur.
1200 1534 1256 1598 ipp.

150 1599 223 1645 laba.
256 1595 335 1657 Vttlg.
354 1594 488 1643 vindicare
513 1594 634 1643 videntur
652 1594 801 1642 Burmauue
839 1595 938 1643 uaedaru
959 1596 1018 1644 loca
1033 1596 1066 1644 ab
1083 1597 1127 1644 iile
1146 1597 1256 1658 prolata.

151 1660 224 1707 Coae.
235 1665 326 1707 tuetur
337 1658 506 1706 Lacbm.-lt3
523 1658 661 1707 ‘Euiolaase
681 1658 807 1721 Grouing.
853 1673 912 1721 agg.
929 1658 1045 1709 colbert.
1071 1659 1169 1709 l'euiel.
1182 1662 1255 1711 Vati·

149 1737 237 1783 canus,
256 1721 344 1784 Lipsio
364 1735 394 1770 ac
405 1720 488 1771 Lirin.
502 1721 620 1771 testibus.
653 1722 778 1770 Evaluieee
786 1736 845 1770 curn
856 1724 882 1769 in
894 1724 1003 1771 vetustis
1014 1722 1169 1773 membranis
1180 1738 1256 1787 repe-

149 1787 225 1835 risset
236 1784 389 1846 Beroaldus,
400 1785 481 1833 minus
493 1791 579 1834 tamen
592 1785 725 1834 commode
738 1786 765 1835 id
775 1786 858 1847 ipsum
870 1787 1000 1848 exposuit.
1034 1788 1141 1839 canter.
1152 1802 1256 1853 queque

149 1850 176 1898 in
188 1848 240 1897 suia
248 1849 359 1897 evoluisse
367 1848 511 1909 invenerat,
522 1850 567 1897 sed
579 1849 696 1912 praetulit
706 1850 827 1900 wulairee.
859 1850 963 1899 Primus
974 1852 1089 1914 Scaliger
1100 1852 1166 1900 vidit
1182 1854 1258 1901 erela-

148 1913 196 1961 irsr
208 1914 320 1975 positum
332 1926 388 1973 pro,
407 1914 549 1963 evolvisse:
572 1914 641 1976 quod
660 1928 748 1961 verum
766 1924 814 1962 est.
845 1914 1004 1976 Scaligerutu
1024 1915 1142 1978 sequitur
1161 1915 1256 1967 00an

148 1976 259 2025 Breukt.
291 1976 435 2025 ‘Eniolaree
455 1977 545 2039 Vulpii
564 1976 624 2039 dun,
641 1976 699 2025 edd.
724 1984 790 2025 vett.
812 1978 879 2039 plur.
897 1979 991 2027 Vener.
1010 1978 1084 2028 Bria.
1097 1978 1173 2028 Aldd.
1189 1987 1253 2031 cett.

148 2041 227 2089 eriam
240 2040 380 2089 Graeviana
391 2046 419 2089 et
429 2040 511 2090 land.
544 2040 640 2089 Teaiel.
652 2040 1032 2101 Cuiiu.Grasseriaua,Murell.
1043 2058 1073 2091 ac
1083 2044 1185 2093 Passer.
1212 2044 1254 2094 Id.

148 2104 174 2153 in
186 2106 298 2169 antiquis
310 2104 372 2153 libb.
386 2104 542 2153 Beroaldunt
552 2104 754 2167 deprehendisse
767 2111 907 2154 auctorest
918 2107 1038 2155 Muretus
1049 2107 1075 2155 in
1086 2106 1171 2156 Schul.
1199 2107 1254 2157 Sed

147 2168 223 2217 unice
235 2183 298 2227 uera
309 2176 349 2217 est
360 2168 421 2216 lect.
439 2168 561 2231 evoluisse,
575 2175 683 2231 recepta
700 2170 782 2231 Vulp.
794 2170 836 2219 ed.
846 2170 922 2218 laeid.
935 2171 1011 2220 Giitt.
1019 2185 1094 2233 quatu
1104 2171 1183 2218 etiarn
1194 2172 1254 2221 Mu·

147 2239 220 2282 retus
230 2232 332 2295 probat.
367 2232 423 2280 Heu
434 2232 546 2281 evoluisse
564 2232 636 2295 [(1.1]
649 2232 716 2295 conj.
730 2233 804 2294 Lips.
816 2246 847 2280 ac
857 2233 927 2296 Guy.
938 2235 996 2283 eod.
1008 2248 1094 2284 seusu.
1129 2236 1206 2289 Quum
1215 2250 1256 2283 tte·

147 2296 178 2345 tis
187 2302 279 2345 nestros
289 2295 333 2344 heu
344 2294 443 2343 uiolatae
454 2296 488 2345 D.
504 2296 597 2345 Heius.
618 2296 654 2344 N.
663 2296 744 2357 Prop.
756 2298 949 2345 constructione
959 2297 993 2345 ed
1003 2312 1028 2346 t.
1048 2312 1102 2371 seq.
1115 2296 1255 2348 iucommu-

148 2359 197 2410 da.'
213 2360 303 2410 Burtb.
336 2358 460 2409 Eeioiuare
484 2368 554 2424 quat.
568 2361 645 2410 Voss.
663 2359 755 2410 Leidd.
772 2362 855 2409 Duru.
876 2364 900 2409 2.
918 2362 1033 2409 Brrrutm.
1056 2375 1097 2410 cut
1108 2362 1171 2411 leet.
1183 2361 1256 2413 favet

146 2425 230 2474 Dorv.
241 2431 265 2473 1.
283 2424 309 2470 iu
319 2437 368 2486 quo
378 2425 484 2482 callum,
495 2425 512 2471 i.
524 2437 549 2472 e.
560 2425 687 2470 caiolum:
703 2429 731 2470 et
750 2423 789 2470 aie
808 2423 917 2472 Mentel.
936 2423 999 2474 Acir.
1014 2425 1111 2475 Venet.
1130 2429 1154 2473 2.
1170 2427 1252 2490 Rheg.

148 2487 227 2537 Aidd.
239 2486 430 2550 latitansque
441 2503 447 2535 ι
466 2493 493 2536 et
504 2485 571 2534 libro
583 2501 628 2534 suo
641 2486 816 2548 ascripserant
827 2485 901 2536 Frut.
918 2493 945 2534 et
956 2487 1044 2536 Dcuea
1058 2489 1092 2538 P.
1125 2490 1193 2538 ‘Ha'
1204 2491 1255 2538 uie-

147 2551 206 2600 lcare
218 2552 259 2600 vel
269 2563 315 2599 neu
330 2551 430 2599 celuim
450 2549 521 2613 Lips.
540 2563 572 2599 rr.
590 2551 622 2598 V.
635 2549 664 2598 L.
675 2553 700 2597 t.
711 2555 739 2598 et
749 2562 790 2598 ιι.
803 2549 865 2598 Ant·
885 2551 959 2600 Lect.
976 2557 999 2601 1.
1020 2553 1088 2614 qtrod
1106 2552 1217 2603 libenter
1228 2557 1254 2604 ei

148 2615 312 2676 redemeras,
333 2615 396 2662 licet
412 2613 450 2662 ita
468 2616 547 2664 etiarn
566 2613 707 2676 conjecerit
722 2613 820 2662 Merkl.
849 2615 972 2663 Eculuirae
987 2615 1049 2665 Vat.
1062 2621 1085 2665 1.
1095 2621 1119 2665 2.
1131 2621 1155 2665 6.
1168 2618 1254 2669 Celet.

147 2678 222 2728 Perr.
233 2695 257 2728 v.
266 2693 289 2727 c.
303 2677 371 2743 quod
382 2677 461 2727 etiam
471 2677 557 2726 inveni
569 2677 596 2725 iu
608 2676 713 2726 Vicent.
723 2683 751 2726 et
761 2679 801 2726 sic
811 2679 836 2726 h.
848 2678 875 2726 iu
891 2680 909 2727 l.
921 2677 1071 2728 emendanti.
1089 2682 1189 2729 monuit
1199 2682 1253 2730 Va-

146 2743 202 2792 lens
214 2742 333 2792 Guellius
342 2741 375 2789 ad
387 2742 461 2802 virg.
473 2753 493 2789 1.
506 2741 562 2790 AEu.
570 2745 611 2788 16.
628 2741 718 2788 Densa
729 2741 755 2789 in
767 2755 848 2804 marg.
858 2741 918 2789 iibri
930 2743 980 2804 sui,
990 2750 1016 2789 et
1024 2743 1051 2790 iu
1059 2742 1253 2793 Sebediasnrate

147 2807 253 2856 Succid.
266 2821 292 2868 p.
309 2810 350 2854 66.
362 2803 531 2852 existimabat
551 2803 670 2854 subtilius
682 2803 748 2864 fore,
759 2805 780 2852 si
793 2804 825 2852 de
836 2806 919 2854 amica
929 2820 975 2853 atta
986 2805 1098 2868 Cynthia
1108 2807 1178 2870 ioqui
1189 2808 1253 2857 Pro·

147 2870 261 2934 pertiurn
282 2875 440 2916 statuemus:
457 2867 527 2930 quod
547 2881 599 2915 non
622 2872 684 2928 puto
706 2868 841 2930 rejicieud.
874 2869 909 2916 Et
924 2868 961 2916 ric
974 2868 1148 2919 Passeratius.
1183 2871 1253 2922 Huic

147 2931 318 2994 explicationi
330 2931 418 2979 favere
428 2936 526 2992 posset,
537 2931 559 2980 ri
571 2931 603 2978 de
615 2931 672 2979 eud.
691 2931 738 2980 lroc
758 2931 880 2993 Pontico,
899 2931 947 2978 sub
966 2946 1078 2994 persona
1091 2935 1197 2997 Lyncei,
1213 2935 1253 2985 iu·

149 2997 292 3060 telligeuda
302 2996 336 3044 sit
347 2995 387 3044 El.
399 2999 441 3043 24.
452 2993 497 3044 lib.
508 3007 541 3043 11.
559 2993 602 3042 ubi
614 2993 640 3043 iu
656 3008 713 3042 euru
732 3001 856 3056 tanquam
875 2995 992 3057 rivalem,
1009 3004 1036 3045 et
1052 2998 1096 3061 qul
1114 2999 1252 3061 Cynthium

146 3075 217 3110 auam
237 3073 403 3122 eonnmpere
421 3064 577 3116 tentaverat,
587 3057 726 3118 invehitur,
743 3072 769 3108 r.
786 3061 856 3118 2-12,
867 3065 908 3108 25.
919 3063 961 3108 26.
990 3060 1049 3110 Hoc
1060 3061 1181 3124 admisso,
1192 3079 1254 3127 pro-

146 3124 260 3176 bandam
277 3130 341 3187 puto
363 3121 465 3172 Heiusll
481 3123 581 3171 entend.
593 3135 669 3186 quant
681 3123 723 3170 ed.
734 3121 837 3171 Aldinae
848 3125 981 3184 allaterat,
997 3132 1024 3173 et
1034 3140 1091 3188 quae
1109 3126 1135 3175 iu
1148 3128 1182 3177 N.
1193 3129 1250 3190 ejus
1351 3138 1353 3141 “

147 3189 181 3240 ad
193 3191 273 3253 Ptop.
286 3203 313 3252 p.
326 3191 382 3237 661.
401 3187 505 3250 legitur,
525 3188 603 3242 Quam
618 3186 679 3235 nulia
694 3191 786 3236 nostres
803 3186 848 3235 tert
864 3188 962 3236 sitim
980 3188 1015 3238 D.
1037 3191 1079 3238 cui
1097 3191 1253 3253 astipulatur

147 3253 231 3304 Calin.
259 3251 308 3302 ‘Ita
320 3265 362 3314 ap.
376 3251 427 3300 Οι.
438 3264 476 3301 ιι.
494 3251 533 3300 Μ.
551 3255 609 3301 612.
642 3251 686 3299 Sic
702 3264 793 3299 carere
811 3265 946 3313 possumus
963 3252 1079 3302 violenta
1092 3261 1119 3302 et
1130 3263 1252 3306 contorta

146 3315 289 3368 Passeratii
306 3315 520 3377 interpunctione
539 3321 567 3364 et
589 3314 767 3379 expositione!
782 3315 870 3363 Burm:
898 3316 963 3364 Vult
982 3317 1088 3367 Laebm.
1107 3320 1175 3373 Quod
1189 3321 1250 3369 aelia

146 3389 238 3432 metron
245 3380 356 3430 weleim
365 3380 399 3430 D.
432 3379 595 3427 Passeratius
612 3381 732 3428 observat
748 3379 812 3428 alios
830 3379 889 3428 libr.
905 3380 1003 3429 babere
1014 3396 1115 3446 quoque
1126 3383 1250 3432 bucceb-

146 3444 447 3498 intereuntem-18
463 3442 567 3493 ‘debu
585 3457 619 3494 ex
629 3444 689 3494 Pal.
704 3443 807 3507 codice,
826 3458 860 3492 ex
878 3459 930 3509 que
945 3447 1008 3494 eada
1024 3447 1135 3512 prefert,
1145 3449 1249 3510 legend.

641 3573 748 3625 NOTAE

147 3673 279 3740 proprium
291 3679 333 3724 eat
345 3671 445 3736 minari,
454 3670 555 3734 sarire,
565 3677 593 3721 et
604 3669 678 3720 lasti·
719 3671 762 3720 eui
774 3684 849 3720 arcus
858 3668 993 3733 tribuitur,
1000 3677 1028 3720 et
1036 3669 1147 3732 sagitta,
1157 3669 1249 3733 quibus

146 3749 213 3802 dire.
718 3745 816 3794 suimus
842 3744 972 3793 bominum
999 3744 1129 3808 configens
1154 3745 1249 3794 muorlu

176 3828 212 3874 ‘1⁴
231 3821 603 3886 Proetnugttrmumu]
621 3821 678 3870 Ma·
717 3820 820 3884 ignibus
829 3818 980 3870 inflammat.
1168 3842 1174 3856 ·
1226 3857 1230 3867 .

146 3898 278 3950 lie'alieuis
294 3907 322 3950 et
337 3899 453 3964 periculo
465 3899 571 3948 alterius
583 3897 676 3962 sapiat.
751 3903 782 3948 17
798 3899 881 3960 lange
898 3903 977 3947 entre
993 3896 1048 3958 tibi,
1064 3898 1132 3958 leuge
1142 3895 1239 3956 agmina

146 3973 243 4025 'libuli
259 3982 348 4025 nester
359 3991 404 4026 ιιι.
416 3981 440 4026 t.
456 3975 526 4026 ‘Vae
543 3989 591 4039 ego
609 3989 677 4024 nnnc
717 3974 840 4024 Carmina
850 3974 885 4022 de
895 3973 966 4023 bello
976 3972 1101 4021 Thebane
1111 3987 1127 4021 a
1138 3977 1165 4020 te
1180 3985 1250 4035 ccep-

146 4061 252 4100 rnoneo:
269 4048 341 4116 felix,
356 4052 511 4117 atticumque
528 4051 616 4100 dolore
633 4051 677 4102 Al·
716 4055 754 4110 ta,
765 4049 912 4098 intermissa
922 4055 952 4098 et
969 4049 1068 4098 inculta
1074 4047 1209 4110 jacebuut,
1220 4052 1250 4098 et

147 4125 229 4175 terina
241 4126 325 4176 discet
337 4143 411 4190 pesse
424 4140 513 4177 carere
524 4127 587 4176 suo!
716 4126 786 4175 cerie
805 4131 970 4188 putrescent3
996 4139 1080 4190 neque
1096 4140 1185 4176 ternus
1203 4125 1249 4174 be·

180 4205 211 4252 16
230 4202 294 4250 Puer
302 4201 353 4264 tie]
370 4203 471 4266 Cupido
481 4205 554 4254 Deru
565 4201 677 4265 Ameria,
714 4201 782 4251 roicr'
797 4200 909 4265 amplius
927 4216 945 4252 a
967 4207 993 4250 te
1010 4201 1172 4261 scribentur;
1202 4199 1248 4252 ubi

211 4280 304 4346 Deipit.
316 4287 339 4332 et
355 4281 488 4334 Ventilet.
648 4283 762 4346 Propert.
1154 4282 1181 4330 H
