3034 4775
289 380 334 447 62
598 394 833 445 nssnrnorun
858 394 904 459 rr
926 396 1082 447 runrcrn

288 539 400 603 beret:
416 538 524 603 inille
539 538 616 621 plns
631 546 774 616 nanum,
787 538 825 602 in
837 537 904 603 hoc
915 538 1093 622 ptmeure
1103 544 1206 622 utque
1218 537 1400 606 industriae

287 639 392 705 fuisse
407 640 605 723 perspicias.
650 638 738 719 Que
752 658 831 704 cum
845 639 894 703 ita
905 659 943 703 se
957 640 1113 718 habeam,
1126 639 1322 724 perdifficile
1341 646 1400 705 cst

287 740 463 806 decernere
477 758 518 806 ac
533 741 732 806 constituere
746 747 821 805 uter
839 741 934 806 alteri
948 745 1097 824 prestet
1141 741 1245 819 Nam,
1259 742 1292 805 si
1306 760 1399 823 prm-

287 841 392 924 cipua
405 843 480 907 laus
501 843 678 928 poctarum
700 843 736 906 in
758 842 945 907 imitatione
965 843 1142 909 consistit:
1163 842 1246 907 mihi
1260 842 1400 926 quidem

287 942 584 1009 videturTibullus
598 944 710 1009 varios
722 944 801 1008 illos
811 943 1004 1011 fluctuantis
1018 945 1119 1011 animi
1132 950 1256 1022 motus,
1270 945 1400 1029 quibus

289 1048 440 1109 amantes
454 1046 575 1128 agitari
590 1045 711 1123 solent,
732 1045 852 1109 melina
872 1046 1025 1111 imitatus
1045 1066 1142 1111 esse:
1165 1048 1231 1125 siu,
1245 1054 1284 1111 ut
1297 1047 1400 1131 quid-

289 1164 355 1228 que
375 1146 419 1211 ad
439 1148 599 1230 optimum
622 1146 779 1230 proxime
794 1146 939 1224 accedit,
960 1148 1008 1211 ita
1024 1148 1135 1231 ipsum
1155 1164 1294 1231 qnoque
1306 1150 1399 1232 opti·

288 1264 380 1313 mum
398 1248 618 1333 judicandum
647 1253 718 1327 est3
751 1248 951 1313 crediderim
980 1268 1063 1314 sane
1090 1256 1241 1314 veterum
1262 1249 1399 1315 illorum

290 1349 501 1426 Graecorum,
532 1369 571 1415 ac
602 1350 776 1434 praecipne
811 1347 1024 1428 Callimachi,
1061 1349 1276 1433 Propertium
1303 1351 1399 1417 haud

288 1451 394 1536 paulo
410 1452 602 1517 similiorem
624 1450 751 1531 iuissc;
773 1470 843 1534 qua
862 1450 960 1513 etiam
986 1449 1109 1515 fiducia
1127 1451 1202 1535 ipse
1216 1472 1254 1516 se
1268 1450 1398 1517 Boma-

212 1604 217 1612 .
288 1574 366 1618 nunr
395 1550 636 1619 Callimachum
662 1570 785 1617 vocare
811 1571 915 1616 ausus
939 1556 1001 1615 cst.
1046 1550 1126 1629 Sed,
1149 1550 1223 1616 haec
1246 1558 1285 1616 ut
1307 1559 1398 1633 sunt,

287 1674 392 1739 neqm
407 1661 558 1719 nostrum
579 1660 642 1731 est,
662 1672 770 1737 neque
793 1652 991 1736 cujusquam
1014 1651 1159 1717 hominis
1180 1652 1342 1736 pudentis
1364 1660 1398 1720 et

288 1755 507 1831 considerati,
522 1774 591 1837 qua
613 1754 705 1818 dere
719 1752 862 1818 Veteres
876 1753 934 1831 illi,
951 1773 1093 1836 quorum
1109 1754 1174 1819 tuit
1193 1760 1229 1819 et
1243 1756 1398 1823 doctrina

288 1855 398 1939 major
418 1862 453 1919 et
482 1854 648 1939 judicium
672 1853 797 1931 acrius,
821 1872 889 1917 non
911 1853 1041 1939 liquere
1063 1856 1332 1941 pronuntiarunt,
1352 1857 1397 1922 de

288 1976 330 2023 ea
351 1958 431 2022 certi
453 1956 633 2040 quicquam
655 1956 869 2034 constituere,
891 1963 928 2020 et
948 1957 1043 2021 litem
1066 1959 1252 2024 secundnm
1275 1959 1398 2024 alteru

287 2067 374 2127 trum
391 2060 480 2124 dare.
525 2058 638 2124 Satius
659 2060 761 2123 fuerit
781 2064 957 2145 utrumque
979 2054 1132 2125 studiose
1155 2080 1197 2126 ac
1220 2061 1399 2143 diligenter

288 2162 452 2239 evolvere,
468 2161 642 2244 utriusque
657 2161 800 2226 virtutes
814 2168 972 2226 accurate
989 2162 1205 2245 perpendere,
1220 2168 1399 2247 utrumqne

289 2263 355 2327 sihi
378 2262 850 2345 adimitandumproponere,
866 2261 1044 2346 siquando
1064 2262 1148 2329 forte
1170 2271 1236 2356 nos
1257 2263 1303 2328 ad
1324 2271 1398 2329 teu·

288 2360 547 2428 tandum-idem
570 2359 739 2446 poiimatis
763 2382 868 2446 genus
891 2371 952 2430 aut
974 2364 1132 2430 voluntas
1156 2364 1314 2446 adducet,
1338 2370 1400 2431 ant

290 2470 416 2530 naturoe
431 2465 576 2548 impetus
591 2463 685 2528 leret.

395 2647 584 2714 Gulielmus
598 2648 775 2729 Canterus,
790 2649 999 2716 Praeiatione
1014 2652 1048 2716 in
1063 2650 1288 2736 Propertium.

287 2797 295 2816 ¹
334 2780 444 2862 Quem
458 2783 543 2848 inter
556 2783 674 2868 politas
688 2784 805 2850 locum
819 2783 903 2850 Sex.
925 2784 1123 2868 Propertius
1144 2792 1181 2849 et
1201 2790 1350 2850 veterum
1364 2793 1399 2852 et

288 2886 392 2948 nostri
405 2885 565 2969 temporis
580 2885 749 2950 hominum
759 2885 892 2970 judicic
906 2886 1069 2966 obtineat,
1083 2902 1153 2951 non
1164 2891 1228 2963 est,
1247 2903 1308 2950 cnr
1321 2888 1397 2971 pln-

188 3059 190 3068 ,
287 2986 378 3049 ribus
393 2984 544 3050 doceam.
588 2985 701 3069 Atque
724 2986 767 3051 de
787 2987 850 3052 hoc
871 2991 910 3052 ut
932 2991 1075 3066 constat,
1097 2987 1145 3052 ita
1162 2986 1284 3071 judicii
1296 2987 1397 3072 huius

287 3103 394 3150 cansa
408 3104 505 3170 ecque
519 3092 572 3151 est
586 3093 713 3173 aperta.
760 3086 810 3151 Ut
831 3087 918 3151 enim
938 3088 975 3152 in
994 3087 1137 3170 Virgilio
1161 3087 1319 3153 carminis
1338 3087 1397 3153 he·

286 3186 384 3264 reici,
407 3186 457 3251 sic
480 3187 556 3254 huic
580 3186 707 3270 Elegiae
729 3187 953 3270 principatum
974 3208 1075 3253 nemo
1097 3207 1163 3252 non
1186 3196 1247 3252 aut
1267 3189 1395 3269 tribuit,

288 3293 348 3354 aut
370 3287 513 3354 tribuere
528 3289 647 3354 saltem
662 3287 772 3352 debet.
817 3287 966 3370 Etenim,
982 3288 1056 3353 sive
1075 3288 1240 3371 insignem
1262 3297 1300 3354 et
1321 3311 1395 3374 per-

287 3389 407 3454 fectam
429 3411 452 3455 a
472 3390 583 3457 Poeta
605 3390 806 3466 doctrinam,
836 3389 909 3453 sive
930 3407 1046 3454 versus
1068 3391 1176 3454 omnis
1205 3394 1395 3458 venustatis

286 3489 507 3574 plenissimos,
522 3493 595 3557 sive
609 3491 790 3556 dictionem
805 3487 1019 3572 parissimam
1041 3510 1083 3556 ao
1103 3492 1323 3558 tersissimam
1343 3513 1396 3558 re·

286 3592 401 3675 quires
413 3615 423 3675 3
438 3613 524 3659 nnus
539 3594 602 3658 tibi
617 3592 660 3657 de
670 3589 827 3657 omnibns
840 3589 974 3654 abunde
988 3591 1174 3657 satisfaciet
1185 3592 1395 3676 Propertius

286 3693 408 3780 Itaque
432 3716 498 3761 non
513 3696 582 3761 levi
602 3694 645 3758 de
665 3713 784 3772 causa,
798 3712 868 3777 quc
881 3713 1021 3759 numero
1036 3694 1127 3779 apud
1143 3694 1289 3760 Graecos
1303 3703 1396 3762 esset

287 3797 522 3876 Callimachus,
545 3816 588 3862 cc
603 3797 659 3862 hic
674 3796 767 3879 apud
788 3802 923 3861 nostros
943 3798 978 3861 et
997 3796 1131 3862 habitans
1152 3796 1216 3861 fuit
1230 3803 1265 3861 et
1277 3796 1396 3862 haberi

228 3965 230 3968 .
285 3901 360 3983 ipse
375 3899 492 3966 voluit.
537 3898 720 3978 Quocirca,
736 3899 794 3984 qui
808 3899 978 3965 Tibullum
988 3917 1066 3963 cnm
1082 3899 1149 3963 hoc
1164 3902 1223 3962 ant
1235 3897 1394 3966 Ovidium

285 4001 485 4065 contendere
513 4000 666 4078 voluerit,
688 4019 753 4065 nen
775 4002 903 4080 leviter,
925 4000 1075 4080 arbitror,
1088 4014 1240 4085 ¹operam
1262 4000 1393 4068 luserit

286 4100 378 4171 Nam
390 4101 542 4168 Catullus
555 4101 689 4187 quidem
703 4104 739 4168 in
753 4103 832 4174 aliis
846 4101 1014 4170 excellere
1025 4102 1170 4170 udatur.
