3034 4775
262 372 305 436 20
707 384 918 436 rnsrnrro.

262 530 351 595 euim
374 528 558 595 admodum
582 531 728 616 corrupti
751 536 830 597 sunt
854 550 896 596 ac
918 534 1083 614 preterea
1103 531 1278 619 recentes),
1303 535 1366 600 sed

262 631 428 696 bonorum
442 639 552 697 tamen
574 651 615 698 ac
636 633 855 717 genuinorum
877 651 1050 697 numerum
1065 634 1364 720 essereferendos3

262 740 395 799 ceteros
410 742 534 811 autem,
549 735 672 818 quibus
686 734 737 799 illi
753 735 807 799 usi
820 738 909 813 sunt,
920 753 1093 799 numerum
1106 735 1219 801 facere
1234 755 1363 816 eorum,

261 836 444 918 scripturas
466 842 576 901 autem
599 836 703 901 nihilo
725 837 895 921 majorem,
911 856 1014 921 quam
1027 837 1173 903 virorum
1188 836 1365 905 doctorum

262 935 499 1015 divinationes,
529 938 765 1003 auctoritatem
793 938 940 1003 baberet
992 937 1160 1017 Ceterum,
1187 958 1265 1004 cum
1292 948 1364 1007 mm

179 1032 185 1045 “
261 1038 361 1101 multi
375 1058 419 1101 ex
431 1038 496 1103 boc
511 1037 686 1104 deterrimo
696 1057 814 1122 genere
829 1038 967 1105 codices
982 1038 1098 1103 cnssati
1111 1039 1189 1116 sint,
1202 1044 1365 1105 uteorum

260 1138 463 1205 lectionibus
481 1138 554 1223 jam
578 1139 620 1205 ad
643 1140 821 1205 fastidium
842 1158 953 1223 usque
976 1140 1120 1204 saturati
1134 1141 1252 1218 simus,
1265 1160 1364 1207 nemo

261 1240 407 1318 mibi-ut
419 1244 549 1325 opinor,
563 1243 648 1307 vitio
663 1249 779 1319 vertet,
794 1242 895 1326 quod,
916 1260 981 1307 uno
1002 1246 1143 1319 tautum,
1157 1241 1217 1335 sed
1232 1261 1275 1306 eo
1288 1243 1364 1326 qui·

262 1342 342 1405 dem
355 1344 502 1426 perbono
511 1344 640 1422 codice,
648 1348 727 1427 post
743 1343 929 1409 Nicolaum
938 1342 1118 1407 Heinsium
1131 1348 1254 1421 nmen,
1267 1364 1365 1423 usus,

261 1444 357 1521 alios,
367 1463 433 1508 non
447 1444 636 1510 rationibus
652 1444 764 1510 solum
777 1464 819 1509 ac
828 1443 1050 1509 facultatibus
1063 1444 1149 1508 meis
1160 1446 1364 1525 vetantibus,

262 1545 323 1611 sed
337 1546 440 1611 etiarn
454 1546 648 1611 dehortante
672 1546 846 1630 sperandae
868 1545 1024 1609 utilitatis
1047 1545 1264 1626 cogitatione,
1279 1548 1365 1613 nibil

261 1648 424 1731 quaesivi3
447 1667 591 1731 quorum
605 1647 821 1731 quantumvis
839 1665 962 1727 magna
983 1645 1087 1712 lateat
1099 1646 1135 1709 in
1149 1644 1365 1715 bibliothecis

261 1750 373 1831 copia,
395 1755 526 1814 tantum
546 1768 617 1814 non
637 1767 754 1814 omnes
781 1767 827 1812 ex
850 1747 1014 1812 Italorum
1037 1746 1172 1812 officina
1194 1747 1364 1830 prodiisse

261 1848 327 1913 boc
349 1854 545 1931 argomento
572 1850 738 1934 conjicio;
760 1848 852 1931 quod
873 1848 969 1913 illam
989 1848 1259 1913 Tibullianornm
1270 1848 1364 1915 codi-

261 1968 339 2013 cum
361 1949 451 2015 haud
473 1969 614 2033 parvam
636 1970 715 2014 saue
737 1949 997 2027 multitudinem,
1020 1969 1042 2014 a
1065 1949 1262 2015 doctissimo
1290 1952 1364 2017 viro

260 2052 285 2117 J
286 2068 391 2116 oaune
407 2048 557 2116 Henrico
567 2050 696 2116 Vossio
706 2050 940 2135 undecumque
955 2049 1167 2131 conductam,
1179 2071 1278 2137 pane
1292 2072 1364 2117 om·

260 2172 338 2217 nem
358 2152 560 2218 foedissimis
584 2154 747 2219 Italorum
769 2154 1086 2237 interpolationibus
1104 2156 1364 2220 contaminatam

201 2248 206 2255 “
260 2273 422 2332 esse,usu
438 2260 475 2318 et
486 2256 638 2320 examine
653 2255 808 2320 instituto
823 2255 981 2339 comperi.

305 2355 385 2435 Sed,
401 2356 557 2440 quoniam
578 2355 663 2422 banc
685 2376 757 2422 rem
771 2355 949 2434 movimus,
958 2356 1033 2440 jure
1048 2355 1184 2422 anobis
1198 2355 1364 2441 postulem

259 2457 403 2538 videtur,
417 2465 455 2524 ut
477 2459 629 2542 singulis,
652 2479 739 2544 quos
762 2458 928 2542 Propertii
948 2457 1091 2524 editores
1105 2464 1364 2542 usurpaverunt,

261 2560 436 2626 codicibus
448 2582 526 2644 quae
541 2562 626 2627 fides
640 2560 818 2627 tribuenda
830 2559 887 2639 sit,
899 2565 1056 2625 accurate
1070 2579 1296 2646 exponamus3
1318 2580 1363 2626 ne

260 2663 306 2739 bi,
320 2665 381 2746 qui
403 2665 490 2730 bunc
513 2665 651 2748 poetam
668 2665 794 2748 legunt,
820 2682 842 2728 a
867 2664 1004 2741 criticis,
1024 2663 1175 2730 recentia
1194 2681 1258 2747 pro
1278 2665 1364 2728 auti-

260 2764 432 2848 quissimis
440 2766 610 2831 venditare
621 2766 801 2843 consuetis,
809 2765 951 2829 ulterius
962 2765 1077 2848 decipi
1091 2784 1166 2830 sese
1179 2765 1362 2847 patiantur,

260 2871 321 2932 aut
334 2867 411 2950 ipsi,
427 2869 459 2932 si
472 2869 612 2933 codices
627 2867 776 2950 scriptos
789 2865 946 2930 adbibere
958 2866 1071 2943 velim,
1088 2866 1159 2931 veri
1172 2865 1365 2948 ignorantia

259 2967 296 3030 in
317 2987 460 3033 errorem
483 2969 643 3034 incidant.
688 2968 893 3046 Nemeum
914 2987 1030 3032 omnes
1052 2967 1130 3032 libri
1145 2965 1364 3050 Propertiani

259 3077 410 3134 recentes
425 3070 504 3148 sint,
517 3089 616 3135 nemo
631 3091 789 3155 unquam,
805 3071 865 3154 qui
879 3075 1025 3135 veterem
1042 3087 1083 3133 ac
1096 3069 1277 3150 genuinam
1291 3067 1362 3130 lec·

259 3171 385 3236 tionem
399 3171 591 3251 exhibeant,
614 3173 796 3255 intelligere
810 3171 947 3256 poterit,
960 3170 1027 3234 nisi
1041 3188 1101 3234 eos
1114 3187 1192 3232 cum
1205 3169 1306 3233 bouis
1320 3187 1363 3234 ao

259 3271 401 3336 sinceris
415 3273 610 3357 plemmque
628 3273 739 3338 lacere
752 3271 958 3354 compererit
1002 3268 1100 3334 Certe
1121 3269 1242 3334 eodem
1262 3267 1363 3333 modo

260 3379 293 3439 et
307 3393 371 3440 nos
385 3394 531 3460 quoque,
546 3374 637 3453 dum,
660 3375 721 3458 qui
744 3374 823 3438 libri
843 3372 929 3437 inter
950 3391 988 3438 se
1009 3372 1249 3457 conspirarent,
1263 3370 1364 3436 dissi·

261 3473 376 3540 derent
402 3495 424 3540 a
444 3475 596 3559 reliquis,
613 3477 672 3558 qui
697 3479 815 3557 aperta
837 3491 957 3538 manus
971 3473 1204 3539 emendatricis
1218 3471 1364 3552 vestigia

261 3582 418 3655 tenerent,
434 3579 558 3661 quibus
579 3575 793 3641 librariorum
816 3574 958 3640 stultitia
980 3581 1112 3640 tantum
1125 3581 1161 3638 et
1174 3574 1363 3652 oscitantia,

259 3697 328 3742 uon
347 3686 570 3744 correctorum
593 3676 738 3742 audacia
759 3676 945 3754 nocuisset,
965 3676 1273 3753 animadvertimus,
1296 3692 1365 3738 non

260 3777 400 3858 difficili,
414 3780 475 3845 sed
497 3781 643 3845 taediosa
664 3797 776 3862 opera,
797 3779 832 3843 in
854 3784 964 3844 utram
978 3779 1124 3844 classem
1138 3777 1263 3860 singuli
1278 3779 1363 3840 refe·

258 3880 356 3946 rendi
379 3886 505 3960 essent,
527 3880 768 3961 indagavimus.
812 3879 966 3946 Eandem
988 3887 1104 3945 autem
1127 3897 1265 3963 operam
1286 3877 1363 3956 bos,

259 3985 320 4068 qui
335 3983 377 4048 de
392 3984 513 4050 nostris
530 3982 652 4047 studiis
663 3980 817 4064 judicare
828 3981 953 4058 volent,
969 3979 1158 4064 impendere
1170 3979 1362 4064 oportebit:

261 4092 459 4169 argumenta
474 4087 598 4170 quibus
614 4084 708 4150 ducti
731 4083 872 4168 singulis
893 4083 988 4148 libris
1010 4082 1123 4146 locum
1144 4099 1243 4145 suum
1258 4081 1363 4161 assig-

261 4188 425 4265 navimus,
440 4207 500 4270 per
516 4195 625 4254 totum
640 4207 728 4272 opus
743 4187 900 4271 dispersa
913 4185 1091 4252 invenient.
1123 4184 1234 4249 Multo
1249 4189 1363 4246 autem

1507 697 1509 748 l
