3034 4775
275 349 321 419 ὦ
427 350 430 357 ’
585 360 817 441 ΤΒΒΉΜΟῌΙΔ
843 362 889 411 ΒΤ
910 361 1066 412 suntote

599 568 694 635 Idem
710 568 754 637 ud
770 566 866 657 aylv.
883 584 916 632 v.
932 569 964 640 1.
980 568 1057 635 211.

316 709 484 792 Pompam
498 705 609 785 uren,
620 722 722 790 qnam
734 704 803 771 sibi
815 711 928 775 umen
941 724 1010 772 nou
1025 706 1149 793 posuit,
1163 706 1308 791 pululare
1318 707 1382 777 de-

272 811 388 905 scribit
401 807 650 875 amoenissimus
665 806 787 885 Pedia,
803 807 1010 892 Propertius,
1026 825 1067 875 ιι.
1082 808 1136 875 13.

605 976 699 1045 Idem
714 977 759 1049 ad
772 976 877 1078 Tbeb.
894 994 951 1044 ιιι.
964 979 1039 1050 569.

316 1111 473 1193 Quatuor
494 1128 618 1196 genera
638 1110 883 1180 divinationum
899 1118 1130 1180 enumerantur
1152 1130 1175 1180 a
1193 1110 1376 1195 Propertio

272 1232 321 1279 ιν.
332 1216 363 1281 l.
396 1213 467 1295 Qui
481 1212 725 1283 annonem
738 1211 995 1297 quanturpoaa
1005 1212 1217 1298 Propertius,
1226 1222 1375 1299 quantur

270 1324 386 1385 aucun
399 1317 511 1385 inerit.

312 1418 393 1489 Hoc
408 1436 520 1502 neque
536 1432 714 1485 arenosum
726 1415 849 1500 Libyci
859 1414 961 1483 devie
974 1418 1124 1501 explieat
1137 1425 1284 1496 uuum,

355 1519 426 1587 Ant
439 1519 506 1587 sibi
520 1519 719 1591 commissus
733 1516 819 1587 fibra
832 1518 948 1587 bonta
963 1519 1067 1585 Deos.

309 1622 382 1689 Aut
397 1624 427 1691 si
442 1623 519 1709 quis
532 1627 645 1689 motus
659 1620 807 1689 cornicis
820 1622 962 1687 senserit
975 1621 1062 1699 alae,

353 1723 547 1809 Umbroque
562 1743 625 1789 neo
638 1724 781 1805 nemeis
791 1730 932 1801 mortua,
946 1722 1057 1808 prodit
1069 1724 1178 1807 aquis.

310 1824 391 1905 Quo
406 1826 483 1893 ioue
497 1824 614 1891 doceri
625 1842 828 1908 magnopere
842 1826 1021 1909 cupiamus
1040 1844 1119 1909 quae
1139 1825 1211 1889 sint
1226 1826 1371 1907 magmas

266 1927 337 1993 illue
357 1947 465 2011 aqnoe,
483 1926 609 2010 quibus
631 1932 770 2007 cogatur
783 1925 901 1990 umbra
915 1931 1057 1991 ventura
1070 1933 1131 1990 ant
1144 1926 1280 1991 occulta
1292 1946 1373 2010 pro·

266 2029 354 2094 dere.
404 2026 474 2092 Sed
504 2026 736 2099 dubitantibus
764 2025 943 2090 commode
977 2025 1134 2091 subvenit
1162 2026 1372 2092 admirabilis

265 2128 438 2193 memoriae
460 2125 626 2210 Exegetes
650 2123 802 2190 Joannes
825 2124 1052 2204 Passeratius,
1067 2128 1140 2192 sine
1155 2127 1253 2210 enjus
1268 2126 1371 2193 Gom·
1500 2127 1501 2182 1

265 2224 678 2295 menturiisnonsnudeum
686 2225 1372 2312 legendnmiltnmsunvissimnmpodtarn,
1500 2299 1501 2304 ,

264 2331 346 2399 lieet
359 2327 498 2396 infinitis
512 2324 620 2396 adhue
634 2325 721 2394 loeis
734 2326 1009 2396 inemaoulutunr.

265 2494 1371 2582 Gerernussoann.v0ssius‚1rn.denemporinnsaoatnntinor.

308 2632 514 2718 Propertius,
530 2631 642 2716 patria
657 2631 799 2708 Umber,
811 2639 852 2698 ut
864 2632 942 2716 ipse
954 2631 1082 2711 scribit,
1094 2634 1239 2702 ammos
1251 2635 1370 2704 Pbiie·

263 2739 307 2800 tre
322 2733 386 2801 coi
400 2740 435 2800 et
452 2732 650 2802 Callimachi
671 2729 838 2816 Cyrenaei,
852 2733 940 2798 unde
954 2741 991 2798 et
1003 2753 1043 2798 se
1058 2732 1255 2800 &manum
1268 2745 1370 2802 vocat

263 2833 514 2924 Callimaobmn.
559 2831 782 2918 Conqueritur
802 2841 838 2899 et
857 2852 897 2899 se
919 2832 1088 2900 excidisse
1110 2837 1199 2919 agris
1213 2838 1370 2920 paternis

261 2937 297 3002 in
309 2935 473 3002 divisione
484 2953 537 3013 ea,
549 2955 627 3019 quae
637 2937 701 3001 sub
709 2933 1197 3004 'iiiumvirist‘aetnmilitibne
1233 2937 1370 3016 Pneliu,

262 3056 362 3122 qnam
379 3034 557 3121 cynthiam
570 3041 683 3116 vocat,
695 3055 776 3102 vero
789 3033 923 3101 nomine
938 3036 1067 3102 Hostia
1078 3047 1133 3103 eet
1145 3037 1251 3117 dna,
1265 3049 1305 3105 nt
1319 3059 1368 3103 ex

260 3135 410 3221 Apuleio
424 3143 571 3205 constat.
610 3137 755 3206 Videtur
769 3144 884 3202 autem
898 3139 1006 3204 tuisse
1019 3137 1093 3207 iiiia
1106 3137 1238 3216 Hoetii,
1249 3141 1309 3224 qui
1323 3141 1370 3204 de

260 3239 348 3304 bello
363 3237 485 3305 Isttioo
501 3239 649 3324 scripsit,
666 3247 705 3303 nt
720 3238 877 3321 superins
889 3239 1040 3306 relatum.

408 3409 562 3482 ioannes
578 3407 734 3481 hancine
749 3407 936 3490 Pomanus,
949 3409 1105 3478 Anuleot.
1120 3426 1162 3474 ιι.
1176 3410 1210 3474 2.

303 3543 370 3610 Sed
385 3562 494 3629 panso
508 3541 678 3628 paulisper
697 3560 720 3607 a
735 3543 865 3626 tragico
888 3543 954 3610 boo
967 3563 1079 3627 opere,
1092 3549 1130 3608 et
1147 3543 1370 3628 Propertium

258 3651 441 3712 amatorem
453 3648 564 3710 vatem
572 3641 750 3724 intersero3
772 3642 835 3708 sed
844 3649 966 3722 amem,
976 3643 1026 3708 itu
1040 3643 1152 3710 Mure
1166 3662 1223 3707 me
1238 3652 1367 3723 ament,

257 3745 401 3823 dootum,
415 3745 587 3820 disertum,
602 3743 825 3826 magnifieum.
868 3742 1043 3810 Venustus
1056 3743 1137 3809 nero
1150 3742 1204 3809 illi
1217 3745 1310 3824 aas,
1324 3757 1370 3814 nt

258 3846 464 3923 eruditorum
487 3861 652 3910 consensu
667 3863 732 3910 nou
745 3845 846 3911 modo
868 3844 1054 3930 prinoipem
1071 3863 1202 3929 semper
1223 3847 1368 3917 huden

255 3948 425 4024 meruerit,
441 3944 502 4012 sed
520 3945 565 4010 ob
585 3945 791 4030 profundum-
802 3966 939 4032 quoqne
960 3946 1141 4012 aarum
1161 3957 1368 4033 perpetum

257 4049 519 4116 admirationem.
