3034 4775
511 1058 895 1135 exesurus
1032 1171 1034 1177 Ι

187 1332 232 1420 Ε
259 1332 316 1423 F.
338 1334 405 1426 G·
433 1334 723 1425 BARTHII
757 1330 1228 1423 PRAEFATIONE.

160 1864 250 1971 Jnrr
265 1892 300 1958 in
315 1912 431 1975 genere
448 1890 585 1976 quidem
596 1891 662 1956 boc
687 1890 888 1957 monendum
903 1890 1046 1972 videtur,
1061 1912 1178 1958 omnes
1189 1912 1257 1959 om·

160 1982 239 2057 nino
260 1992 358 2059 codd.
382 1994 621 2077 Propertianos
645 1992 853 2058 doctissimis
872 1992 979 2073 Viris,
996 2000 1031 2059 et
1053 1997 1088 2059 in
1109 1994 1162 2058 bis
1181 1994 1257 2060 Jos.

161 2093 342 2176 scaligero,
358 2092 533 2178 Castigatt
552 2094 587 2157 in
604 2092 757 2176 Propert.
772 2098 873 2177 utque
891 2094 915 2159 J
917 2095 1018 2159 oanni
1032 2093 1180 2171 Alberto
1192 2096 1257 2161 Fa·

160 2196 281 2273 bricio,
297 2195 460 2260 Bibliotb.
482 2194 556 2259 Lat
577 2200 598 2257 t.
613 2210 636 2258 t.
656 2198 695 2277 p.
708 2194 785 2258 485.
806 2195 861 2259 ed.
877 2194 1004 2259 Ernest
1020 2196 1123 2259 videri
1137 2197 1180 2260 ab
1195 2216 1259 2261 uuo

161 2295 219 2361 illo
243 2296 382 2370 fluxisse
403 2294 531 2373 codice,
553 2296 612 2377 qui
634 2294 772 2361 Joviani
794 2296 942 2361 Pontuni
962 2298 1182 2380 temporibus,
1205 2316 1259 2361 se·

147 2399 306 2463 cundum
330 2396 558 2463 Alexandrum
578 2398 621 2460 ab
635 2395 832 2460 Alexandro
849 2414 891 2464 rt.
915 2394 1046 2462 Genial.
1062 2398 1155 2463 Dier.
1171 2398 1202 2462 2.
1225 2400 1258 2462 iu

162 2501 246 2566 cella
260 2501 403 2582 quadam
419 2498 551 2565 muana
563 2498 627 2561 sub
642 2496 741 2566 doliis
756 2497 914 2562 inventus
929 2497 1047 2564 fuerit:
1069 2500 1158 2582 quod
1173 2518 1258 2582 opus

161 2619 237 2676 curn
263 2601 365 2684 longo
389 2601 458 2664 situ
482 2619 522 2663 ac
544 2601 638 2664 senio
661 2599 852 2664 absumtum
875 2600 1004 2675 fuisset,
1025 2599 1191 2677 effectum,
1209 2605 1258 2677 ut,
1324 2671 1329 2678 ,

160 2701 264 2766 literis
287 2703 433 2767 corrosis
458 2719 499 2765 ac
522 2701 621 2782 longa
641 2703 808 2763 vetustate
832 2699 1086 2777 collabentibus,
1107 2698 1260 2764 mendosi

160 2802 239 2866 inde
265 2804 365 2868 codd.
389 2803 576 2885 prodirent,
606 2819 712 2881 neque
742 2799 820 2864 ideo
845 2801 1053 2882 Propertium
1080 2800 1260 2881 integritati

162 2920 235 2966 suae
259 2903 393 2986 penitus
418 2919 566 2982 unquam
590 2898 720 2962 restitui
741 2918 858 2984 posse.
902 2899 1089 2976 Enimvero,
1112 2901 1175 2964 etsi
1196 2920 1259 2984 ego

160 3023 228 3085 pon
243 3022 318 3067 snm
332 3000 374 3078 is,
387 3000 446 3083 qui
459 2999 558 3082 hujus
572 3000 772 3065 narrationis
786 3000 885 3065 fidem
899 3000 1066 3065 elevatum
1085 3007 1153 3079 eut,
1174 3022 1260 3085 prae·

161 3105 278 3168 sertim
293 3123 369 3168 curu
384 3101 432 3166 illi
446 3121 512 3165 non
526 3121 643 3184 parum
658 3102 906 3185 probabilitatis
916 3101 1055 3167 accedat
1067 3103 1155 3180 inde,
1167 3104 1258 3186 quod
1330 3118 1334 3128 ·

161 3224 277 3268 versus
300 3203 448 3290 quidam,
463 3204 499 3266 in
523 3202 700 3286 Propertio
722 3203 925 3280 deficientes,
951 3222 973 3267 a
996 3203 1091 3268 nullo
1106 3203 1259 3269 codicum

161 3304 303 3382 illorum,
327 3305 384 3388 qui
410 3303 477 3367 buc
502 3322 608 3386 usque
630 3303 778 3386 inspecti
800 3303 903 3381 fuere,
924 3304 972 3368 ita
992 3303 1199 3382 exhibentur,
1220 3313 1261 3370 ut

161 3405 380 3488 Propertiuuo
404 3404 536 3486 ingenio
560 3408 594 3467 et
615 3403 815 3489 reliquorum
834 3407 1016 3473 carminum
1038 3405 1149 3470 colore
1170 3406 1260 3487 digni

162 3507 248 3569 sint:
283 3505 372 3570 idem
402 3513 515 3571 tomen
543 3523 605 3588 ego
631 3523 739 3588 neque
765 3523 887 3586 negare
915 3524 1021 3589 noque
1050 3504 1181 3570 inficias
1212 3507 1260 3570 irc

161 3605 252 3684 volo,
274 3613 399 3671 restare
420 3605 502 3670 mibi
525 3605 560 3668 in
582 3604 644 3668 bac
673 3623 708 3668 re
729 3605 924 3688 scrupulum
947 3606 1101 3690 aliquem,
1129 3607 1186 3690 qui
1204 3627 1259 3670 me
1351 3692 1354 3696 Ι

162 3712 276 3798 urgeat
295 3712 330 3770 et
352 3710 461 3790 anget,
485 3705 529 3769 ab
551 3704 597 3768 iis
618 3703 718 3768 unice
740 3705 967 3783 eximendum,
987 3709 1112 3790 quibus
1130 3707 1260 3774 codicis

161 3807 250 3872 illius
264 3807 384 3891 ipsius,
400 3806 460 3890 qui
474 3807 510 3872 in
524 3803 613 3871 cella
627 3805 754 3870 vinaria
769 3815 919 3890 repertus
935 3807 1011 3886 suit,
1032 3815 1067 3873 et
1083 3807 1261 3877 Franciani

163 3907 302 3994 secundi
316 3906 506 3971 excutiendi
518 3911 551 3970 et
564 3907 811 3989 contemplandi
820 3887 971 3973 facultas*
978 3917 1034 3974 est
1041 3928 1083 3973 ac
1092 3914 1260 3992 potestas.

162 4008 262 4073 Vixit
278 4008 453 4074 Pontanus
467 4009 510 4072 ab
525 4003 569 4072 A.
591 4005 669 4071 chr.
684 4007 781 4072 1426.
804 4028 908 4093 usqne
930 4009 973 4074 ad
989 4009 1085 4074 1503.
1130 4008 1261 4088 Quodsi

162 4109 264 4194 igitur
278 4107 387 4174 codex
403 4107 653 4192 Propertiunus,
662 4105 755 4171 illius
771 4114 871 4172 aetate
884 4110 1173 4192 repertus,unicus
1185 4109 1260 4189 fuir,

163 4211 319 4295 seqnitur,
341 4217 381 4275 ut
412 4208 468 4274 vel
498 4208 632 4288 Francii
664 4207 777 4273 codex
799 4208 965 4275 secundus
990 4211 1025 4278 iu
1053 4210 1160 4279 forma
1181 4213 1213 4276 4.
1238 4228 1260 4278 a
