3034 4775
311 350 375 423 128
641 365 670 415 s.
705 366 864 418 sonasti
888 366 1090 419 onorunrrs

312 510 424 592 Quam
437 512 533 597 pueri
548 512 650 577 toties
664 530 779 576 arcum
793 513 917 576 sentire
930 511 1097 590 medullis,

354 614 400 679 Et
413 614 494 679 nihii
508 614 603 679 iratae
618 632 721 697 posse
734 630 853 697 negare
866 620 951 680 tuse.

310 716 436 781 Nullus
451 734 543 781 amor
556 716 712 799 cuiquem
725 714 845 780 faciles
859 716 909 779 ita
922 716 1068 799 praebuit
1080 716 1166 794 alas,

355 816 406 883 Ut
417 838 484 883 non
498 818 624 883 alterna
636 818 799 904 presserit
810 816 870 881 ille
883 836 998 882 manu.

310 969 356 1019 mis
374 968 482 1017 medellis
498 968 594 1030 sentire,
608 968 714 1031 nihilque
730 981 797 1030 pm
813 946 930 1028 denegare
947 971 997 1015 tau
1014 965 1108 1030 paene
1126 966 1205 1018 bote.
1241 968 1333 1018 Nsiiss
1351 986 1421 1021 uss

312 1046 422 1099 unquam
432 1034 491 1081 odeo
505 1030 589 1082 iibens
603 1046 693 1095 pessos
710 1032 818 1094 esiussss
830 1030 930 1091 fseiiae
936 1030 1056 1095 exutae,
1070 1031 1129 1096 esis
1138 1032 1333 1095 ipsesitsrsssts'
1348 1052 1419 1085 aas

767 1140 951 1163 m

313 1208 404 1271 Copias
412 1206 515 1259 Dresd!
542 1210 551 1239 ‘
565 1208 754 1273 temptatque
765 1208 844 1260 oodd.
869 1208 905 1257 th
915 1209 980 1260 Eae.
988 1208 1057 1258 Sosi.
1082 1208 1144 1258 Grss
1155 1222 1230 1259 tuens
1241 1213 1266 1259 1.
1277 1216 1310 1260 et
1319 1225 1418 1273 espen

310 1271 347 1321 id.
365 1273 440 1321 Perr.
455 1287 479 1321 r.
494 1287 518 1323 e.
537 1279 565 1322 et
580 1274 641 1321 vat.
659 1276 684 1321 2.
706 1273 823 1336 Lipsiusu
834 1280 863 1323 et
874 1272 960 1323 Gehh.
978 1273 1074 1335 espiers
1089 1274 1208 1337 legentes
1218 1274 1317 1323 merito
1328 1276 1419 1336 rejicit

310 1336 426 1386 Brooirh.
442 1337 570 1399 Attisgere
579 1337 655 1397 tigres
662 1338 736 1385 voss.
745 1340 773 1387 8.
787 1336 923 1391 Acesten
935 1338 1000 1387 Eue.
1008 1337 1077 1387 Sesl.
1088 1343 1120 1386 nt
1129 1336 1208 1386 affert
1217 1338 1301 1387 etiarn
1312 1337 1416 1387 ciot'su.

311 1400 345 1449 ad
364 1400 416 1451 Or.
431 1414 495 1451 vrrs.
511 1401 549 1451 M.
566 1400 631 1451 121!
648 1401 801 1451 Burrum—2⁰
823 1400 1003 1450 ‘Passeratius
1022 1402 1050 1449 in
1066 1400 1149 1451 Meus.
1163 1400 1305 1451 invenerat
1321 1409 1417 1451 scotere

309 1466 387 1513 oiseis
398 1480 419 1513 r.
431 1465 499 1529 qnod
511 1463 690 1529 fieormptum
705 1462 784 1515 fuerit
794 1479 827 1515 es
836 1479 931 1514 mere
940 1464 1027 1513 dmin.
1049 1465 1128 1528 Vuig.
1144 1464 1207 1514 satis
1225 1466 1368 1515 commoda
1378 1475 1418 1515 est

310 1529 722 1580 neomutand.’3mkt.1sorth
753 1530 878 1579 ‘Noscers
896 1529 974 1577 oiseis
988 1529 1064 1577 Voss.
1079 1532 1104 1579 1.
1115 1533 1140 1577 8.
1151 1533 1180 1577 et
1192 1542 1265 1577 meus
1274 1532 1303 1577 2.
1332 1528 1417 1578 Vissis

308 1594 386 1642 subire
397 1594 436 1643 rel
446 1594 533 1644 subisse
547 1594 638 1643 Heius.
649 1594 694 1643 sed
706 1593 770 1643 nihii
782 1591 901 1642 tentaud.
912 1607 970 1641 esse
982 1599 1058 1656 patet
1068 1607 1100 1641 ex
1112 1592 1173 1654 illis,
1184 1607 1242 1657 que
1254 1598 1348 1641 notata
1358 1601 1418 1642 sunt

309 1657 341 1705 ed
351 1660 390 1708 Ei.
400 1662 424 1709 6.
437 1659 494 1707 init.
507 1665 535 1707 et
546 1658 599 1707 vid.
611 1656 759 1707 Markisnd.
771 1658 803 1706 sd
816 1658 885 1706 Stst.
896 1657 968 1719 Syir.
980 1671 1006 1719 p.
1018 1659 1076 1705 214.
1093 1655 1330 1719 Negiigentisaime
1340 1656 1370 1705 in
1378 1658 1418 1706 ed.

309 1721 399 1771 Grrer.
414 1722 507 1770 viuculo
516 1736 583 1770 som
593 1719 666 1770 mee-³
682 1722 835 1771 Βοιὼ-11
847 1722 947 1771 ‘Recte
956 1721 1048 1769 Dooss
1059 1720 1088 1768 F.
1097 1733 1126 1768 se
1146 1720 1203 1768 ouit
1213 1720 1288 1769 totis?
1298 1720 1417 1770 Brouhh.

308 1788 317 1813 ‘
333 1785 399 1833 Totis
408 1792 437 1834 et
449 1785 541 1833 Heius.
552 1785 580 1834 in
595 1790 708 1833 mentem
724 1784 797 1834 veuit
815 1783 884 1836 Adr.
900 1800 928 1845 p.
943 1788 1001 1833 ⁸24.
1012 1790 1041 1832 et
1051 1796 1105 1834 ree.
1140 1785 1194 1847 elp.
1204 1782 1282 1833 Giitt.
1309 1783 1417 1849 Reliqui

308 1862 397 1897 omues
406 1849 493 1897 toties:
510 1847 579 1912 quod
590 1862 640 1898 oon
650 1855 707 1897 ersi
717 1848 866 1913 spernend'
881 1848 971 1898 Bsrtb.
1003 1847 1064 1897 Vrd.
1084 1861 1141 1910 sup.
1159 1848 1194 1897 ad
1212 1862 1252 1897 ss.
1268 1852 1296 1897 e.
1316 1848 1418 1897 ‘Tutia

307 1912 350 1961 vei
368 1913 456 1961 totiens
473 1914 499 1962 in
518 1912 606 1977 primis
624 1918 651 1961 st
668 1918 733 1963 cett.
751 1913 941 1976 antiquioribus
957 1911 1019 1961 edd.
1036 1913 1062 1961 ie
1081 1912 1142 1972 itur,
1152 1918 1181 1961 et
1190 1912 1219 1961 in
1229 1910 1329 1962 Leidd.
1345 1920 1417 1977 quat.

307 1976 384 2026 Voss.
393 1976 490 2026 Dorvr.
502 1976 577 2039 meis,
588 1977 695 2041 [Dresd.
706 1978 744 2027 Lu
764 1977 784 2040 .]
794 1984 824 2026 et
834 1976 940 2042 reliquis
950 1990 1019 2025 otuu.
1029 1926 1106 2025 codd.
1115 1976 1205 2025 Douss
1213 1976 1242 2025 Ρ.
1259 1977 1330 2038 totis,
1340 1977 1418 2027 etsie

308 2040 448 2090 Heinsioss
466 2041 535 2105 qnod
546 2056 597 2091 non
609 2041 736 2105 repudisn
758 2042 886 2091 .rideter.
917 2039 971 2090 Sed
981 2053 1066 2103 ueqtre
1082 2040 1162 2103 toties,
1172 2045 1213 2090 tot
1222 2039 1301 2089 eodd.
1314 2048 1346 2089 et
1356 2041 1417 2089 edd.

308 2111 375 2155 vett.
398 2106 554 2156 auctoritate
576 2104 682 2167 fuitum,
701 2105 806 2155 ridetur
823 2103 962 2155 abdicanti.
999 2104 1075 2152 Dicit
1092 2103 1161 2152 enim
1178 2103 1277 2167 aliquid
1296 2106 1418 2165 amplius,

307 2182 402 2231 nempe
415 2170 537 2231 repetitis
548 2170 646 2218 vicibus
658 2168 762 2218 amare!
779 2170 865 2218 Beris.
899 2168 969 2217 Totis
982 2168 1050 2215 mdo
1068 2166 1214 2216 exhibuisse
1230 2174 1324 2217 censet
1334 2169 1416 2217 Kuin.

306 2234 392 2277 -22‘
406 2234 475 2278 [ross
490 2248 516 2293 p.
534 2245 620 2293 rogere
634 2236 676 2279 teo
687 2231 792 2293 legebat
807 2231 899 2296 syrin.
916 2231 986 2295 quod
1000 2232 1064 2280 satis
1079 2228 1211 2281 refutatur
1221 2244 1255 2281 ex
1267 2231 1363 2281 11111.
1374 2236 1417 2281 23-

307 2288 358 2341 263
373 2292 459 2339 Beros.
494 2296 597 2342 Imchm.
615 2294 673 2343 ruit
690 2296 798 2357 isgrstoe
809 2298 852 2345 rei
871 2295 1039 2357 ingrate-2⁸
1057 2295 1090 2344 lu
1105 2294 1196 2358 priscis
1211 2294 1273 2343 edd.
1290 2296 1416 2358 quiqu

302 2355 396 2416 sociiis.
419 2353 534 2404 Coibert.
548 2354 633 2404 osiris.
648 2354 772 2406 ‘Jacobs
787 2361 815 2404 iu
834 2361 884 2417 Ep.
898 2359 932 2405 ad
948 2358 1005 2410 hrt.
1023 2374 1050 2418 p.
1060 2372 1121 2408 xix.
1135 2358 1201 2419 legit
1208 2359 1301 2423 prebet
1311 2358 1416 2410 ssim

307 2421 371 2469 eatis
379 2419 527 2482 ingeniose:
544 2433 629 2482 neque
640 2417 730 2468 dubito
741 2420 803 2482 quiu
820 2419 878 2468 hee
892 2419 979 2481 imago
996 2419 1090 2469 Poetae
1099 2420 1190 2469 aniruo
1207 2422 1349 2471 obversata
1362 2425 1414 2484 sit;

305 2482 1415 2612 itiidiffidebat&ibitissidi'iiir‘iiitifflitt“it

306 2611 404 2662 Dresd.
416 2611 556 2661 mendose.'
572 2611 662 2660 Bortit.
696 2611 765 2660 ‘Vsu
775 2615 864 2660 ems.
876 2611 1117 2672 interpretationem
1131 2611 1164 2662 sb
1179 2613 1231 2661 sliu
1245 2627 1311 2662 esve
1326 2621 1414 2678 petas,

305 2691 384 2740 quam
404 2675 438 2725 ab
454 2675 575 2724 exactiss-
596 2675 713 2724 Husehir.
726 2675 753 2724 in
772 2674 849 2723 Anai.
865 2676 932 2724 crit.
950 2689 975 2738 p.
990 2674 1039 2723 dt!
1056 2676 1154 2726 Lurbm.
1185 2677 1194 2706 ‘
1203 2677 1270 2726 iiaee
1282 2679 1412 2741 explicuit

305 2739 472 2790 Passeratius
487 2740 519 2788 de
530 2739 657 2802 Cupidine
668 2740 721 2802 alas
731 2753 800 2801 snas,
810 2753 867 2788 cum
880 2739 1009 2803 propitius
1026 2738 1107 2802 favet,
1122 2742 1193 2790 nitra
1207 2743 1412 2804 expandenteet

305 2805 339 2854 ed
351 2811 493 2855 amatorem
504 2803 650 2863 advolante,
660 2803 705 2853 sed
718 2805 819 2854 alteros
834 2817 911 2852 uranu
928 2818 973 2850 eas
988 2812 1137 2868 premente,
1151 2819 1172 2854 s.
1190 2805 1336 2868 inhibente,
1351 2821 1412 2856 cuns

304 2870 396 2919 tardus
407 2870 490 2918 venit.
522 2869 593 2918 Male
605 2867 686 2931 igitur
699 2869 743 2916 iiie
762 2868 838 2916 Voss·
855 2872 880 2917 d.
913 2867 975 2916 Iride
988 2867 1106 2917 Bronkh.
1122 2869 1193 2931 qrrod
1210 2883 1261 2918 non
1277 2870 1411 2934 dispiioet.

305 2933 417 2982 Premere
436 2934 562 2996 diaspro,
581 2933 725 2996 corripere,
746 2931 886 2992 adducere,
904 2930 936 2979 de
959 2932 1088 2994 Cupidine
1115 2932 1215 2983 dietam
1235 2940 1319 2994 esset,
1339 2936 1410 2985 ineu·

305 2996 378 3045 tione
397 2996 517 3044 desumto
538 3010 571 3044 ex
590 3011 619 3045 re
638 2995 763 3060 equestri,
782 2997 808 3044 in
830 3010 882 3060 qua
898 2995 1038 3060 ‘premere
1056 2995 1189 3054 habenas:
1205 3003 1234 3047 et
1246 2999 1255 3026 ‘
1267 2999 1410 3060 prebere:

304 3073 326 3108 s.
346 3059 497 3121 immittere,
515 3067 699 3124 opponuntur:
724 3060 763 3108 sic
784 3059 922 3122 ‘premere
943 3064 1062 3108 currum'
1080 3062 1131 3110 Or.
1149 3075 1181 3111 rr.
1197 3061 1237 3113 Μ.
1256 3067 1315 3111 iss.
1335 3063 1411 3128 ‘pre-

304 3137 378 3172 mere
389 3121 471 3172 fraena
483 3123 576 3173 rnanu'
596 3137 660 3174 vrrr.
672 3125 711 3172 M.
723 3127 765 3172 31.
783 3123 898 3185 ‘presses
909 3123 1031 3173 hebeue’
1049 3124 1185 3175 claudian.
1202 3139 1234 3176 rr.
1249 3127 1276 3175 iu
1296 3128 1409 3191 Eutrop.

305 3191 361 3238 10⁷.
372 3193 400 3237 et
411 3189 468 3236 hoec
479 3188 626 3264 quidemad
637 3187 780 3263 Passeratii
791 3187 978 3264 expositionem
990 3195 1097 3264 possent
1106 3189 1267 3250 condocere5
1283 3191 1409 3266 sadonis

302 3251 1338 3389 titiigiitiiiii'iisitiiiiiiiizzitiisititd,mito?
1347 3257 1408 3382 ‘vii

304 3380 326 3428 si
338 3381 395 3443 quis
406 3381 508 3445 eliipaiu
516 3382 583 3429 hane
594 3378 708 3428 nonnihil
719 3383 847 3436 eoaetsm,
856 3382 902 3428 et‘
913 3380 1055 3442 presserit'
1066 3380 1098 3429 ad
1106 3381 1115 3408 ⁴
1124 3379 1192 3429 siss’
1203 3396 1232 3429 re
1244 3383 1298 3431 erri
1308 3381 1407 3433 debers

303 3445 455 3508 contendat,
464 3453 493 3494 ut
503 3444 560 3494 ead.
571 3442 692 3508 loquendi
702 3441 786 3506 figora
797 3451 881 3492 totum
896 3442 1020 3494 decurrat
1033 3443 1173 3510 distichon,
1182 3445 1305 3496 substitui
1318 3455 1408 3512 posset

303 3619 453 3686 Hyreaoiae,
469 3619 538 3671 unde
557 3634 600 3670 ees
611 3619 712 3684 delegit
721 3540 851 3686 Propgf)
852 3540 950 3686 Τιξῦἰί
965 3619 1134 3671 concubitus!
1165 3619 1260 3673 tibull.
1279 3636 1300 3672 1.
1317 3626 1343 3673 8.
1362 3627 1406 3677 fl.

302 3697 353 3747 tius
363 3704 470 3762 propter
479 3695 605 3758 insignem
615 3695 720 3747 rabiem.
833 3692 948 3763 ss‘ltiic
959 3700 1089 3752 iunonem
1109 3707 1213 3751 tentare
1233 3702 1331 3752 Isionis
1349 3703 1405 3752 ausi

334 3778 367 3824 20
391 3773 497 3833 insertare
514 3772 608 3820 oiuetslo
628 3771 698 3836 rote]
733 3761 1017 3826 ixionisivmautur
1027 3776 1108 3826 celeri
1118 3777 1194 3826 noxis
1203 3777 1317 3826 membra
1328 3778 1404 3829 rote’
1486 3762 1488 3803 5

300 3825 871 3916 signifiestpoemmeteruciatomffiuidif*
904 3855 935 3902 21
952 3852 1029 3901 Pueri
1036 3853 1225 3916 mcumsestire]
1242 3852 1344 3902 ‘Puer'
1355 3868 1403 3918 per

300 3924 583 3978 citurinlnferisrotae
592 3926 722 3978 astrictus.
739 3927 830 3992 Virgii.
870 3917 1070 3977 antonomsaiim
1089 3927 1186 3977 dicitur
1206 3929 1310 3993 Cupido
1330 3931 1402 3980 Dens

300 4001 335 4053 (i.
355 4015 398 4052 nr.
426 4001 591 4065 ‘'i'ortosque
612 4002 713 4053 Ixionis
732 4018 830 4067 ungues
871 4003 1009 4066 amoris‚ut
1020 4003 1060 4053 Ei.
1068 4007 1094 4052 7.
1106 4003 1158 4067 huj.
1167 4003 1212 4052 iih.
1220 4009 1260 4055 15.
1275 4004 1332 4055 ‘Te
1341 4020 1402 4070 qoo-

298 4077 493 4142 Immunemque
512 4079 612 4132 rotam!
644 4081 696 4132 Ubi
714 4083 752 4132 uit
770 4083 830 4133 Ser·
870 4094 921 4144 que
932 4080 954 4128 si
965 4085 1038 4129 certo
1055 4094 1121 4143 puer
1139 4080 1182 4130 hie
1193 4083 1351 4133 concusserit
1362 4097 1401 4132 ar·

301 4154 372 4202 rios:
389 4153 541 4218 ‘Religutus
556 4157 721 4222 serpentibus
738 4157 772 4208 ud
788 4171 829 4208 ro·
869 4153 919 4204 co!
951 4152 1039 4219 Atque
1050 4156 1130 4205 etiam
1145 4160 1185 4207 19.
1196 4163 1221 4206 ὅ.
1237 4156 1315 4207 ‘Nou
1334 4159 1400 4210 adeo

303 4234 355 4278 tarn
373 4227 458 4295 Ision,
469 4231 587 4297 quoniam
604 4233 708 4285 illicitos
719 4232 829 4285 Junouis
868 4233 963 4286 ieviter
973 4236 1068 4287 nostris
1078 4251 1144 4300 puer
1153 4235 1229 4288 hesit
1240 4237 1346 4290 ocellis.⁸
