3034 4775
272 352 316 419 34
546 363 633 415 ιιιιιι.
656 365 748 415 rua.
771 366 974 416 ιιιοιιιιιιιι
999 364 1089 449 vica

272 511 357 577 uude
371 509 446 595 jure
468 527 530 575 euo
552 508 594 574 de
608 488 763 591 cinthia
786 514 1007 594 posteaquam
1030 509 1156 575 ameria
1177 508 1371 577 ιίιοόὶιιίιιιιι

266 610 340 694 J'anr
362 614 531 693 posuerat,
550 625 573 671 ι.
598 608 629 671 1.
652 609 683 670 l.
721 607 891 690 ‘Cynthia
913 610 1022 693 prima
1040 612 1110 675 anie
1131 612 1289 674 miserum
1316 630 1372 676 nro

271 712 363 795 cepit
381 711 510 787 ocellis,
525 707 723 800 contactum
743 710 845 774 nullis
863 717 939 777 ante
961 710 1206 794 Cupidinibus!
1249 711 1296 775 Et
1313 712 1368 777 12.

270 812 330 876 ult.
343 812 494 896 ejusdem
507 812 602 875 libri:
625 815 635 843 ‘
650 810 794 894 Cynthia
807 812 916 894 prima
936 810 1011 889 fuit,
1025 810 1173 896 Cynthia
1187 811 1263 876 fluia
1286 812 1369 877 erit!

270 911 326 977 De
342 914 501 996 Lycinnae
516 920 627 977 antem
649 912 828 977 conatibus
842 913 1009 977 irretiendi
1033 912 1208 989 Nostrum,
1223 914 1297 996 ipse
1313 928 1368 975 ιιι.

269 1013 323 1076 15.
335 1014 366 1075 5.
391 1034 492 1098 quam
514 1014 663 1095 Elegiam
687 1013 840 1095 equidem
854 1014 910 1079 rel
934 1013 1081 1077 maxime
1102 1020 1260 1097 tanquam
1274 1012 1368 1077 lilurn

268 1114 437 1195 quoddam
447 1113 649 1178 Anadneuru
660 1114 694 1176 in
705 1115 939 1197 computandis
948 1115 1045 1178 annia
1058 1113 1225 1197 Propertii
1234 1132 1367 1196 aequm.

218 1248 222 1257 ·
269 1213 354 1278 Inde
370 1217 467 1293 euim,
481 1215 548 1280 uisi
570 1235 622 1279 me
636 1215 749 1280 omnia
762 1215 890 1293 fallunt,
905 1216 1082 1280 manifesto
1103 1219 1208 1297 patet,
1222 1213 1375 1297 Proper,

268 1319 353 1383 tium
367 1318 482 1383 statim
503 1338 526 1382 a
549 1324 659 1383 sumta
672 1316 759 1383 virili
774 1323 854 1400 toga
872 1318 909 1381 iu
931 1317 1093 1399 Lycinna
1118 1316 1287 1381 amoribus
1304 1336 1367 1401 per

266 1438 368 1488 unum
384 1425 442 1485 eut
457 1420 595 1483 alterurn
610 1436 733 1482 annum
747 1424 914 1482 versatum
936 1436 1031 1481 esee—r
1052 1417 1143 1499 quod
1157 1424 1193 1481 et
1206 1415 1367 1483 Passera-

265 1520 315 1585 tio
330 1519 373 1585 ad
387 1522 489 1586 intrim
502 1522 611 1585 locum
626 1519 675 1583 ita
687 1518 832 1583 videtur.
877 1514 945 1581 Sed
958 1524 1080 1599 captus
1094 1522 1174 1599 poet
1184 1536 1207 1581 a
1219 1516 1366 1599 Gyutbia

265 1618 392 1686 Noster
421 1622 606 1704 Lycinnam
634 1619 771 1695 deserit,
796 1624 842 1695 et,
872 1638 950 1683 cum
972 1618 1122 1699 Elegiam
1148 1618 1201 1681 1⁵.
1230 1618 1292 1681 lib.
1307 1634 1364 1681 ιιι.

265 1722 436 1799 scriberet,
450 1741 512 1803 per
524 1722 699 1785 triennium
712 1720 779 1783 sere
793 1739 870 1783 cum
878 1718 1024 1803 Cynthia
1033 1723 1261 1796 consueverat,
1276 1719 1365 1783 sicut

263 1824 338 1906 ipse
367 1822 460 1885 canit
482 1840 532 1886 ve.
548 1822 580 1885 7.
602 1839 674 1903 sqq.
719 1816 890 1895 ‘Tertiae
912 1818 1004 1883 band
1032 1819 1138 1882 multo
1161 1818 1269 1881 minue
1298 1824 1363 1897 eet,

264 1940 342 1987 cum
365 1921 498 1985 ducitur
519 1938 634 1997 annus,
657 1918 731 1984 Vix
753 1919 888 1983 memini
909 1920 1006 1982 nobis
1027 1919 1123 2000 [mibi
1137 1924 1172 1983 et
1185 1918 1363 2003 Lycinna]

152 2043 156 2049 ¹
261 2023 367 2089 verba
394 2023 505 2087 coisse
533 2023 661 2087 decern.
703 2022 836 2086 Cuncta
862 2028 955 2085 tuus.
971 2020 1128 2102 sepelivit
1155 2038 1266 2084 emor:
1296 2038 1362 2085 nec

262 2124 402 2189 foemina
415 2131 497 2206 post
517 2130 548 2188 te
563 2122 643 2187 Ulla
662 2121 752 2185 dedit
774 2120 864 2185 collo
885 2119 1000 2185 dulcia
1013 2120 1122 2185 vincla
1139 2118 1239 2184 meo?
1281 2120 1362 2185 Janr

233 2282 237 2295 ‚
262 2225 294 2288 ai
309 2222 502 2307 Propertius
517 2223 666 2305 quinque
680 2240 786 2287 minos
802 2221 918 2286 serviit
926 2218 1089 2303 Cynthiae,
1101 2226 1140 2284 ut
1148 2220 1222 2303 ipae
1232 2235 1291 2284 ιιι.
1304 2220 1360 2287 25.

262 2323 295 2388 3.
310 2325 415 2390 canit:
438 2328 448 2359 ⁴
465 2323 624 2407 Quinque
639 2322 700 2388 tibi
714 2322 812 2405 potui
825 2322 948 2387 servire
962 2321 1102 2386 fideliter
1123 2321 1254 2389 aunoer’
1284 2324 1363 2388 rati·

261 2424 382 2492 onibus
401 2425 488 2488 bene
502 2424 673 2488 subductis
698 2423 887 2507 apparebit,
900 2423 964 2487 bos
986 2427 1116 2504 septem
1136 2441 1244 2488 annoe
1258 2425 1361 2490 eirnul

262 2529 392 2590 sumtos
407 2524 552 2588 incidere
566 2525 602 2587 in
617 2543 739 2588 annum
754 2523 867 2588 eutis
881 2523 1110 2605 Propertianae
1125 2523 1180 2588 17.
1193 2544 1301 2607 neque
1316 2525 1362 2591 ad

260 2626 313 2692 24.
357 2623 413 2689 Ad
427 2625 516 2688 idem
532 2625 687 2707 temporis
700 2623 847 2706 apetium
861 2643 995 2707 quoqne
1015 2624 1233 2706 plurimarum
1247 2625 1360 2710 Elegi-

260 2745 355 2790 arnm
375 2725 592 2807 conscriptio,
606 2725 842 2792 amatoriarum
867 2725 1031 2801 nimirum,
1056 2726 1249 2791 necessario
1275 2727 1360 2793 rese·

258 2826 358 2893 reuda
371 2827 454 2893 erit¹

755 2975 865 3029 NOTAE

293 3073 302 3101 ¹
320 3069 459 3134 [iliacum
470 3069 504 3121 de
515 3072 662 3136 Eleglarura
670 3077 789 3137 ternpore
830 3075 931 3126 brorum
952 3073 1107 3139 aeriptoruro
1127 3075 1285 3136 reverentia,
1306 3089 1359 3126 oar·

260 3148 294 3198 ab
314 3150 371 3212 ipao
388 3149 528 3214 Propertio
542 3150 700 3200 edendarum
719 3155 788 3217 trpe·
828 3150 872 3200 nia
890 3149 981 3200 audaci
1000 3156 1106 3213 conatu,
1132 3158 1230 3200 eventu
1249 3148 1360 3200 infelici·

259 3229 318 3274 tere
344 3222 437 3286 incipit
463 3224 596 3286 Bertbiua,
623 3223 740 3288 quadarn
772 3237 788 3272 e
828 3237 884 3288 ore,
901 3223 992 3285 ita,nt
1008 3224 1105 3276 libebat
1122 3225 1183 3290 ipai‚
1198 3227 1356 3289 pervertiaae

259 3295 417 3346 bethmanni
429 3296 596 3361 Prafatioua
614 3295 706 3361 quibua
721 3297 786 3346 Ber·
827 3314 858 3349 ae
875 3302 1064 3364 tranapoauiaae
1082 3301 1268 3352 antiaconatat.
1300 3303 1355 3354 Sed

258 3369 341 3420 tbium
353 3371 379 3420 in
390 3373 517 3422 nonnullir
535 3372 610 3422 rebua
626 3369 741 3421 refutare
759 3377 787 3420 et
826 3374 860 3425 de
883 3374 923 3424 bia
941 3375 1046 3441 quidem
1066 3375 1193 3439 scaligeri
1215 3377 1357 3441 tranapoal·

258 3459 329 3495 auam
348 3446 480 3510 Propertii
500 3447 649 3497 carminum
669 3451 786 3509 canapo·
826 3449 949 3512 tionibua,
969 3464 1116 3516 quanquam
1146 3465 1191 3500 eaa
1220 3451 1356 3516 acceperit

257 3520 375 3572 altionem
383 3520 526 3571 defendere
534 3522 632 3584 aturlet,
642 3535 786 3585 excerpere
825 3523 1012 3589 Bronkbuaiua,
1029 3527 1190 3578 Bormanuua
1209 3536 1297 3579 autern
1317 3530 1358 3580 ni·

257 3595 325 3646 baud
342 3597 457 3661 pigebit:
481 3596 545 3646 ‘At
562 3596 680 3646 restabat
696 3596 785 3661 atiud:
826 3599 907 3649 terina
930 3601 1121 3664 propagaverit,
1138 3602 1292 3666 jamdudum
1315 3605 1355 3654 in·

257 3671 295 3720 ait
307 3671 492 3732 Lachmannua,
511 3671 616 3735 ‘ipqno
635 3671 657 3720 rl
671 3670 726 3732 bor,
741 3672 785 3736 qui
826 3679 867 3723 ter
892 3675 959 3725 airoa
977 3676 1067 3726 doctor
1086 3679 1275 3729 conclamatum
1294 3687 1353 3730 eat:
1403 3701 1408 3708 ·

256 3744 330 3794 nobia
356 3747 530 3808 nutriverant,
552 3759 675 3808 superare
697 3761 785 3810 poaae·
823 3749 989 3801 bocrlubium
1000 3759 1050 3815 eat,
1067 3753 1355 3821 anvalpinaeurn,qni

256 3831 414 3885 mua,opern
426 3834 472 3870 noe
483 3819 785 3884 pretiumt'ecturoaeaae
823 3824 850 3874 in
872 3827 948 3876 codd·
968 3827 1073 3891 aeriptia
1091 3827 1212 3893 babetur,
1233 3845 1354 3882 aeraunan

255 3895 473 3946 exiatiurabanrur.
497 3894 605 3948 Scilicet
615 3895 785 3962 scaligerum,
824 3902 941 3953 ordinem
960 3902 1027 3952 bene
1046 3917 1148 3967 aenrper
1162 3904 1243 3957 tuitua
1261 3906 1306 3969 ait,
1324 3915 1353 3958 et

256 3973 300 4042 qui
318 3973 414 4036 primur
426 3972 460 4021 de
478 3984 568 4020 aenrua
584 3971 740 4023 coherentia
757 3975 784 4025 in
823 3975 1355 4040 aingnlorurncarminumergumeutaaen·

255 4046 304 4098 boc
324 4047 402 4112 pnite
417 4047 562 4098 accuratior
577 4047 708 4112 quaalvit,
724 4063 784 4100 curu
824 4052 1014 4116 tertiamque
1022 4067 1167 4103 conum
1175 4061 1248 4103 reete
1257 4054 1354 4121 ubique

256 4121 282 4171 in
295 4121 382 4171 nrultia
394 4121 579 4172 sententiarum
598 4123 713 4174 ordinem
732 4140 784 4176 non
823 4127 981 4192 expoauerit.
1013 4129 1073 4179 Hoc
1090 4136 1120 4179 ut
1138 4130 1198 4178 clim
1216 4130 1243 4183 J.
1258 4133 1354 4182 Scbra·

256 4205 331 4248 reete
353 4197 494 4264 procedere
517 4200 635 4276 aentiret,
661 4202 732 4252 nulla
753 4203 782 4253 li·
822 4204 1254 4270 dereperauaderiuoupctuit,ita
1265 4221 1353 4276 nequa
