3034 4775
135 394 155 425 Α
246 321 290 385 10
691 336 899 387 ranrsrro.

247 479 428 564 abruperit.
472 478 586 558 Quam
600 486 725 545 sortem
741 480 928 567 Propertio,
950 480 1196 547 facundissimo
1216 478 1341 563 polita,-

248 582 421 665 obtigisse,
436 600 479 646 eo
492 582 602 663 magis
616 581 780 661 dolemus,
804 584 895 667 quod
908 602 1008 667 opus,
1032 584 1088 648 cui
1110 588 1159 647 tot
1180 599 1342 646 annorum

246 684 379 749 labores
394 682 606 749 Burmannus
619 684 839 767 impenderat,
860 685 1000 751 dimidia
1015 686 1070 749 sui
1083 692 1179 768 parte
1195 684 1268 767 jam
1289 692 1343 769 ty·

246 786 303 869 pis
318 783 537 868 descriptum,
567 786 612 851 ad
627 785 726 851 linem
740 788 954 871 properabat,
982 794 1017 852 et
1033 786 1164 870 justam
1178 786 1212 850 ai
1225 785 1342 851 docto·

247 906 319 951 rum
333 888 483 951 omnium
498 888 753 968 gratulationem
777 888 976 971 spondebat.
1020 887 1099 952 Jam
1121 886 1187 951 etsi
1201 886 1343 951 aliorum

248 988 470 1071 complurium
483 988 659 1054 editionem
673 990 787 1055 animo
810 989 972 1072 agitabat,
998 1007 1093 1072 saepe
1113 995 1228 1052 tamen
1249 989 1343 1068 mibi,

248 1090 346 1170 quasi
361 1090 538 1155 instantem
554 1098 692 1155 mortem
705 1091 925 1174 praesagiens,
951 1088 1167 1171 significarit,
1187 1088 1272 1153 satis
1283 1088 1344 1153 diu

248 1192 378 1255 vixisse
392 1210 471 1256 sese
485 1192 769 1270 existimaturum,
791 1193 823 1257 si
845 1192 963 1257 Umbri
989 1191 1077 1255 vatis
1104 1190 1344 1255 commentario

250 1290 406 1359 absoluto
421 1294 573 1359 vixisset.
617 1292 740 1378 Itaque
760 1292 827 1359 bac
851 1291 894 1358 de
918 1312 954 1357 re
978 1291 1146 1356 interdum
1159 1288 1344 1373 desperans

250 1392 472 1470 Burmannus,
487 1412 547 1478 pro
562 1414 614 1472 eo,
629 1414 695 1478 qno
709 1414 764 1459 ma
778 1394 1071 1477 complectebatur,
1091 1412 1216 1470 amore,
1230 1410 1285 1455 me
1299 1393 1345 1456 si·

249 1495 296 1572 bi,
311 1494 438 1579 siquid
453 1494 646 1573 accidisset,
673 1495 738 1561 boc
760 1497 798 1560 in
819 1516 922 1580 opere
943 1512 1178 1560 successorem
1192 1494 1346 1576 designa·

250 1597 317 1661 bat
361 1597 414 1661 De
429 1615 497 1680 quo
513 1616 589 1661 cum
605 1599 691 1663 satis
706 1604 875 1664 constaret
896 1597 1117 1662 nobilissimis
1139 1594 1259 1679 optimi
1281 1593 1345 1659 viri

251 1700 463 1783 propinquis,
478 1707 712 1784 postmortem
725 1700 837 1764 mariti
851 1700 1026 1782 patrisque
1040 1696 1085 1761 ad
1100 1717 1163 1775 mc,
1179 1715 1244 1760 non
1259 1697 1345 1762 iuri-

251 1806 288 1863 to
303 1801 450 1877 librario,
465 1803 579 1885 operis
588 1802 781 1879 redemtore,
802 1801 924 1865 librum
944 1799 1127 1864 curandum
1147 1796 1346 1862 detulerunt.

252 1900 326 1983 Ego
341 1921 422 1967 vero
435 1902 515 1965 mibi
530 1901 807 1984 gloriosissimum
828 1900 899 1965 lore
921 1900 1052 1984 putavi,
1074 1906 1110 1963 et
1130 1898 1346 1963 amicissimis

253 1997 415 2067 Manibus
425 2002 625 2085 jucundum,
647 2002 733 2073 tanti
754 2001 906 2083 magistri
927 2018 1014 2083 opus
1037 1998 1080 2063 ad
1103 1999 1203 2063 tinem
1224 1998 1346 2081 perdu-

254 2121 342 2179 cere,
358 2110 393 2167 et
407 2122 522 2167 omnes
537 2122 636 2168 curas
649 2121 690 2167 eo
705 2102 865 2180 conferre,
878 2109 927 2180 ut,
950 2110 1112 2185 quantum
1126 2100 1162 2163 in
1175 2120 1229 2163 me
1242 2104 1346 2178 esset,

253 2202 436 2269 Burmanni
450 2206 584 2271 nomine
599 2203 734 2287 dignum
760 2204 796 2267 in
818 2204 929 2268 lucem
951 2203 1072 2268 exiret.
1115 2200 1172 2279 Bt,
1193 2200 1348 2285 quamvis

252 2304 413 2388 imparem
428 2326 481 2370 me
498 2325 730 2371 successorem
745 2324 832 2384 asse,
847 2307 950 2390 probe
963 2322 1118 2382 nossem3
1132 2310 1257 2379 tamem
1272 2320 1347 2365 cum

253 2405 467 2472 Burmannus
482 2413 587 2473 totum
602 2408 671 2472 lere
693 2407 979 2485 commentarium,
1002 2407 1039 2470 in
1054 2405 1184 2471 scbedis
1198 2403 1348 2487 descrip-

116 2500 118 2506 ’
254 2511 335 2585 tum,
350 2509 549 2591 reliquisset,
562 2530 628 2575 nou
643 2519 714 2575 tam
728 2510 926 2586 doctrinam,
941 2496 1043 2592 quam
1058 2514 1221 2572 attentam
1235 2523 1349 2570 curam

173 2633 177 2643 2
253 2609 390 2692 requiri,
400 2609 567 2694 judicavi.
612 2612 735 2698 Itaque
750 2613 825 2696 ejus
848 2589 1097 2693 autographum
1112 2614 1250 2672 secutus
1264 2625 1349 2685 sum,

254 2713 413 2776 omittens
428 2713 600 2792 interdum,
622 2715 712 2799 quod
726 2716 836 2798 ipsum
860 2714 1098 2786 Burmannum,
1126 2709 1350 2772 siretractare

256 2831 314 2894 per
328 2813 400 2879 sata
423 2815 585 2893 licuisset,
606 2815 939 2882 omissurum-fuisse
964 2808 1183 2886 confidebam,
1206 2808 1249 2873 de
1271 2827 1349 2872 meo

254 2911 337 2976 nibil
351 2913 420 2978 fere
434 2915 634 2982 immiscens.
679 2915 760 2981 Hoc
776 2923 891 2980 tamen
905 2913 1047 2996 intelligi
1061 2910 1167 2976 nolim
1180 2909 1223 2974 de
1235 2910 1352 2975 ultima

256 3013 426 3100 Propertii
441 3015 569 3100 Elegia,
585 3020 656 3083 sive
670 3018 712 3084 de
726 3018 831 3083 nobili
854 3017 913 3081 illo
942 3019 975 3079 et
1002 3012 1144 3077 multum
1169 3030 1191 3076 a
1216 3010 1351 3076 Griticis

256 3122 380 3182 vexato
395 3115 559 3183 Comeliee
583 3119 758 3203 Epicadio.
802 3118 856 3198 ld,
878 3116 1037 3200 quoniam
1058 3113 1270 3177 Burmannus
1293 3114 1353 3178 vix

257 3217 338 3282 dum
352 3219 578 3298 inchoaverat,
594 3241 655 3303 ego
670 3223 750 3286 mibi
764 3224 874 3286 totum
888 3213 1097 3282 onerandum
1106 3213 1353 3280 illustrandum·

258 3321 677 3406 quesumsi3inquoquam
686 3324 859 3387 minimum
867 3315 1353 3403 potuiaBurmannianocom-

258 3421 428 3506 meutandi
444 3442 560 3505 genere
575 3423 728 3489 discessi.
750 3422 925 3487 Addendis
940 3419 1042 3486 etiam
1056 3415 1230 3496 nonnulla,
1245 3436 1265 3482 e
1278 3438 1355 3484 mea

258 3541 348 3605 penu
364 3522 550 3607 depromta,
565 3525 743 3590 inserenda
758 3523 886 3589 censui.

305 3623 479 3689 Hactenus
493 3626 535 3690 de
544 3627 725 3692 Burmanni
739 3627 776 3692 in
790 3623 1000 3708 Propertium
1012 3622 1260 3687 commentario.
1285 3621 1355 3686 Sed

258 3743 411 3807 magnum
426 3733 628 3791 momentum
642 3729 678 3792 in
692 3746 733 3790 eo
747 3733 811 3803 cst,
837 3731 878 3788 ut
890 3723 997 3788 lector
1010 3723 1181 3799 doceatur,
1207 3723 1265 3807 qui
1288 3723 1356 3788 sint

259 3825 356 3890 codd.
370 3827 486 3910 scripti
501 3832 533 3892 et
545 3846 614 3912 qua
627 3825 836 3904 auctoritate,
846 3823 889 3889 ad
904 3841 1046 3908 quorum
1059 3822 1161 3887 fidem
1175 3841 1235 3905 per
1249 3829 1357 3889 totum

261 3943 348 4009 opus
363 3934 524 4008 provocat
539 3926 762 3991 Burmannus.
805 3925 888 4010 lpse
912 3922 956 3988 de
979 3922 1033 3986 bis
1057 3921 1140 3985 nibil
1162 3940 1301 4005 prorsus
1321 3925 1356 3990 in

263 4025 395 4089 scbcdis
410 4033 585 4091 notaverat
598 4034 719 4110 praeter
731 4045 786 4106 ea,
801 4024 942 4111 quaebic
955 4023 1174 4106 subjungam:

306 4125 504 4192 ‘leidensis
519 4127 657 4211 primus,
672 4128 779 4195 forma
792 4131 922 4212 quarta,
936 4124 1222 4203 membranaceus,
1237 4124 1273 4189 in
1287 4122 1358 4208 Apf
