3034 4775
243 342 308 409 las
575 362 606 413 ε.
625 362 788 415 aenean
813 362 1015 411 rnoenaru

244 502 374 569 Multos
389 503 449 569 illa
464 503 538 569 dies
553 504 710 571 incomlis
725 512 849 573 moesta
862 508 994 591 capillis

285 605 441 683 Sederat,
454 606 581 698 injusto
595 609 701 673 multa
715 610 828 675 locuta
842 610 933 675 salo:

241 706 296 785 Et,
313 706 468 791 quamvis
482 726 650 793 uunquam
666 710 809 792 posthac
823 710 950 789 visura,
965 711 1103 779 dolebat

283 808 352 874 Illa
365 817 476 874 tamen
490 810 601 893 longae
616 813 751 877 conscia
769 814 911 877 laetitiae.

240 908 464 995 Alphesiboea
479 931 563 977 suos
577 912 650 977 ulta
664 918 715 977 est
729 933 794 996 pro
809 914 952 997 conjuge
965 914 1093 993 fratres,
1303 915 1348 982 15

283 1013 461 1095 Sanguinis
476 1018 511 1077 et
523 1015 593 1078 cari
609 1014 741 1077 vincula
754 1016 845 1096 rupit
858 1032 964 1079 amor.
997 1080 1001 1089 ,

240 1113 316 1179 Nec
331 1114 381 1179 sic
398 1113 588 1179 AEsoniden
601 1114 806 1197 rapientibus
821 1116 926 1179 anxia
941 1118 1049 1180 ventis

282 1214 476 1301 Hypsipyle
484 1235 601 1281 uacuo
617 1216 770 1281 constitit
783 1217 819 1281 in
833 1217 995 1285 thalamo.

238 1414 265 1463 in
278 1416 368 1465 deserto
385 1414 466 1465 littore
483 1416 613 1477 amatura
629 1420 674 1465 est.
705 1416 763 1480 Ipsa
778 1417 847 1466 enim
862 1431 909 1480 per
925 1416 1230 1481 plarimadiesiamelis
1238 1416 1343 1467 eriailras

237 1480 320 1541 Qasr
330 1480 401 1540 redit,
410 1480 493 1529 maltis
504 1480 589 1529 serbis
606 1480 640 1529 de
656 1481 719 1530 muri
735 1480 816 1543 inipso
830 1496 985 1544 comeam:
1001 1488 1034 1545 et,
1044 1484 1100 1531 licat
1109 1497 1223 1545 aequat
1234 1482 1342 1543 ‹leiuepc

237 1543 399 1593 alienasset
411 1544 541 1621 Ulyssem.
552 1544 605 1606 ipss
616 1545 771 1595 nihilominus
780 1547 891 1595 dictarat
900 1545 991 1595 marcia
1007 1547 1091 1607 guadii
1107 1546 1226 1608 gemebat.
1257 1546 1345 1608 auae

236 1606 308 1657 sides
323 1622 377 1657 suar
392 1610 486 1671 paravit
502 1623 627 1669 [muas
643 1614 741 1671 propter
756 1624 830 1659 suum
846 1611 960 1659 nminat
975 1611 1215 1673 occisum‚uasorqas
1224 1610 1342 1673 conjugis

236 1672 429 1723 ameaat'trrda'uem
444 1673 540 1733 gesem
558 1672 639 1721 dilecti
658 1674 775 1723 dissoluit.
817 1675 900 1737 Nepae
917 1676 954 1723 tta
972 1675 1106 1739 Hypsipyle
1124 1679 1249 1738 conquestu
1266 1674 1342 1723 acatis

236 1736 382 1799 rapientibus
392 1737 528 1786 AEsosideat
540 1736 644 1786 deserta
653 1738 767 1786 remma&
774 1737 802 1785 ἐκ
812 1738 896 1787 lectulo
904 1740 983 1789 aidan
1010 1738 1144 1803 Hypsipyle
1153 1740 1228 1788 salios
1235 1740 1342 1803 drmoepr

700 1862 881 1882 ”uuonan

235 1943 313 1995 modo
324 1942 383 1994 huic
394 1946 412 1994 l.
428 1958 580 1995 succurrere
592 1944 704 1995 tentavit
722 1944 825 2008 Clercq.
839 1944 866 1993 in
881 1944 995 2007 Speclm.
1005 1958 1026 1995 r.
1042 1944 1075 1994 ad
1087 1946 1184 1995 lucau.
1196 1959 1222 2008 p.
1234 1950 1276 1994 5⁶.
1293 1945 1340 1996 sed

234 2009 308 2073 cujus
319 2008 447 2059 medicina
459 2010 561 2059 modum
571 2007 685 2058 excedit.
719 2009 815 2064 unior
826 2009 956 2058 correctio
966 2016 1007 2058 eat
1027 2009 1133 2071 Eldlltii,
1143 2008 1202 2058 Des.
1212 2008 1341 2068 sdnfeer·

232 2078 273 2122 rut
289 2088 320 2123 ω.
363 2074 388 2121 ui
407 2081 436 2123 et
451 2074 506 2138 huj.
521 2082 551 2123 et
569 2087 622 2137 seq.
640 2073 798 2136 pentametri
817 2072 898 2122 rerba
914 2074 1108 2136 transponenda
1127 2087 1185 2123 esse
1199 2074 1340 2123 censebat!

233 2136 320 2186 Burm.
368 2138 476 2201 ptlmam
484 2152 541 2187 esse
552 2139 614 2185 lect.
626 2138 694 2199 vulg.
712 2138 771 2187 Des.
780 2138 900 2249 Λὶψ.
909 2137 1065 2202 minimeque
1073 2137 1220 2187 solicitaud.
1231 2144 1340 2187 censent

235 2200 313 2249 Kuin.
327 2208 356 2251 et
366 2200 424 2250 Ast.
437 2216 463 2265 p.
476 2206 515 2251 lt.
531 2202 574 2266 qul
584 2201 690 2249 taudem
701 2200 783 2249 dlclt:
801 2202 810 2229 ‘

233 2265 322 2313 miram
343 2264 396 2329 lanj.
413 2266 430 2315 1.
452 2266 528 2315 tollet
547 2264 786 2314 suavitatem.’—12
803 2263 850 2313 Sed
870 2270 923 2314 erat
941 2266 1030 2315 Burm.
1051 2270 1076 2316 2.
1179 2265 1338 2316 Leidde-ls

230 2329 363 2377 ‘Poallroec
378 2330 454 2378 Voss.
465 2333 490 2378 8.
508 2336 536 2379 et
547 2329 671 2390 Gronlnpr·
693 2328 800 2377 Posthac
816 2328 891 2378 Voss.
905 2333 929 2378 l.
947 2337 974 2378 et
992 2344 1065 2379 meus
1082 2334 1106 2380 l.
1133 2330 1193 2379 Post
1209 2330 1294 2379 teca.
1310 2330 1338 2379 lu

233 2394 376 2458 quoairnru
389 2393 658 2458 dolelutJ'uuguntur!
674 2393 762 2443 Burin.
790 2394 852 2443 Post
865 2395 908 2443 lroc
923 2395 1021 2444 Dresd.
1039 2395 1119 2444 ‘Psat
1135 2395 1186 2443 laoec
1199 2395 1295 2458 legitur
1311 2393 1338 2443 ln

233 2459 361 2522 Groaing.
382 2459 467 2520 Neap.
485 2465 512 2508 et
531 2457 632 2507 dnobus
649 2458 706 2507 aliis
726 2473 769 2521 ap.
787 2457 878 2507 Burm.
893 2457 991 2519 [Quem
1003 2467 1089 2508 tamen
1108 2458 1160 2508 vid.
1179 2457 1251 2522 sup]
1277 2459 1338 2510 Hoc

232 2522 1338 2650 {ttmlttflttltltllut‘tltll'tlllt'.l'ztl’tttlltll‘ltzt‘li:

231 2651 297 2701 chon
310 2651 410 2702 duobus
419 2665 491 2717 seqq.
504 2650 718 2715 postponendum,
728 2651 841 2714 margini
849 2651 1006 2713 exemplaris
1016 2651 1054 2699 aul
1069 2650 1228 2712 ascripserat
1238 2651 1335 2701 Markl.

232 2721 260 2765 et
275 2717 312 2767 lta
324 2715 463 2779 judicabat
478 2715 614 2766 Schrader.
626 2729 657 2764 rr.
675 2714 741 2764 0bs.
753 2720 777 2762 ὅ.
794 2728 819 2777 p.
832 2713 899 2763 tot)
913 2715 999 2765 Baras.
1030 2715 1110 2764 ‘lloc
1128 2713 1188 2766 diat.
1199 2727 1250 2764 uua
1261 2729 1307 2764 suo
1318 2715 1335 2765 1.

231 2780 291 2844 legi,
302 2788 375 2831 certa
387 2795 429 2830 res
440 2787 498 2831 esta
515 2775 561 2830 s'ed
572 2779 639 2829 malo
652 2786 711 2842 post
723 2778 786 2826 illud
802 2778 865 2842 poni
878 2780 886 2805 ‘
899 2778 1024 2842 Coujugis
1037 2777 1162 2828 Euadne?
1190 2779 1258 2828 Naar
1269 2779 1336 2828 serl-

230 2845 313 2894 simile
323 2852 362 2895 est
373 2858 489 2895 errorem
501 2853 589 2895 natum
601 2858 659 2893 esse
672 2857 705 2892 ex
716 2842 792 2890 simili
803 2848 1024 2906 pentametrorum
1035 2843 1117 2905 exitu,
1127 2843 1135 2870 ‘
1144 2842 1278 2904 laetltla·‚’‘
1289 2857 1336 2906 pn·

231 2907 348 2958 diuitiae!
380 2909 430 2958 Sed
450 2917 478 2958 et
498 2908 632 2959 ‘amores'
648 2908 687 2956 lta
706 2907 806 2970 majore
828 2907 966 2956 intervallo
986 2907 1019 2956 ab
1039 2906 1159 2956 ‘amore’
1181 2905 1336 2957 distabunt!

229 2971 327 3024 laura
352 2971 499 3037 Alplrisllroeu
526 2973 599 3024 Bria.
622 2974 718 3022 venet.
741 2975 881 3022 little-18
904 2971 1054 3036 Hypsiptyla
1078 2971 1151 3021 Bria.
1173 2973 1335 3023 venet-ll)

848 2215 888 2250 aec
899 2203 1050 2265 monuimus,
1061 2216 1095 2250 ue
1124 2202 1164 2251 uia
1180 2215 1238 2250 cum
1249 2202 1339 2251 Burm.

731 3136 839 3188 NOTAE

191 3267 194 3272 v
264 3250 293 3296 1⁵
310 3247 460 3312 Alpllealloeu
469 3262 523 3300 auos
534 3247 642 3312 fratrea]
661 3246 762 3312 Alphe·
803 3248 979 3300 obtruncasse.
1008 3247 1181 3300 Sedallirena
1193 3249 1334 3314 allterges·

229 3321 311 3372 slboea
329 3323 385 3373 filia
404 3324 455 3374 luit
473 3325 584 3390 Phegei,
604 3341 681 3389 quarn
702 3323 762 3374 Alc·
803 3329 857 3373 tam
884 3332 1001 3389 narmut,
1020 3324 1168 3391 factumque
1189 3326 1239 3376 hoc
1257 3325 1333 3376 calti-
1391 3357 1397 3366 -

228 3411 325 3462 maron,
335 3399 432 3450 donato
444 3403 542 3465 monili,
553 3402 620 3466 quod
634 3401 710 3450 matri
727 3402 762 3451 E·
804 3400 879 3451 rlrods
891 3401 951 3451 filiis
962 3403 1106 3453 merlbunt.

229 3474 340 3540 riphyloe
361 3475 522 3541 detraxerat,
541 3491 649 3528 uxorem
669 3477 759 3538 duxlt3
836 3479 866 3526 tt
884 3476 1034 3540 AEroaidert]
1050 3473 1334 3529 JasoudlctuaestlE·

229 3550 276 3601 sed
300 3557 402 3616 postea,
422 3553 505 3617 ipsam
526 3552 660 3603 Alcmaeon
683 3554 761 3603 relln·
802 3552 906 3602 sonides
917 3553 951 3602 ab
962 3553 1057 3604 hone
1068 3559 1154 3618 patre.

228 3628 471 3692 quens,Calllrlroiiu
480 3629 587 3680 Acheloi
598 3629 675 3679 filiam
685 3643 759 3680 acce·
800 3661 805 3670 -
834 3634 866 3680 tu
886 3629 1034 3694 Hypsipyle]
1055 3629 1180 3680 'l'ooautlr
1197 3626 1260 3691 filla,
1279 3629 1334 3678 sola

228 3703 269 3768 pit
279 3703 304 3752 in
314 3717 434 3765 uxorem
447 3705 489 3754 cui
498 3712 527 3754 ut
539 3719 635 3755 morem
645 3710 759 3768 gereret,
801 3704 965 3754 foenrlnarum
977 3705 1139 3767 lemniarum
1150 3711 1252 3769 patrem
1261 3703 1333 3754 luco·

227 3779 309 3829 rediit
326 3780 358 3829 ad
377 3778 582 3844 Alpheslboeanr‚
605 3787 635 3830 ut
652 3781 761 3844 abipsa
800 3781 896 3831 lumem
915 3781 1041 3844 servavit,
1052 3796 1111 3831 curu
1124 3781 1330 3846 reliqueramus·

226 3854 331 3919 monile,
350 3869 400 3920 quo
420 3854 454 3904 ab
473 3856 529 3919 ipso
548 3856 647 3906 donata
662 3854 759 3916 luerat,
800 3869 834 3905 ex
853 3856 983 3906 communi
1004 3856 1234 3919 sententiatim,
1253 3861 1333 3919 atqae

226 3931 374 3995 reclperet3
402 3931 569 3995 quamobrem
597 3947 613 3980 a
633 3930 757 3981 fratribus
800 3934 880 3982 etiam
902 3939 1036 3997 cognatos,
1056 3938 1085 3983 et
1106 3937 1230 3996 parentes
1251 3929 1332 3980 etlam

118 4051 122 4056 .
226 4003 403 4070 Alphesiboeae
415 4009 518 4058 occisus
529 4013 578 4056 est.
611 4007 688 4058 Quod
701 4006 758 4071 qul·
798 4009 977 4071 occidisseut3
991 4005 1333 4075 cumqneessetreglualn·

226 4078 285 4130 dem
298 4081 393 4134 lactum
409 4083 587 4134 molestissime
605 4081 701 4146 ferens,
714 4081 758 4132 ΑΙ·
798 4084 862 4132 sule
873 4084 976 4146 Lemni,
986 4083 1110 4134 Jasoasro
1125 4097 1184 4132 cum
1195 4080 1332 4143 Argonau-

225 4155 357 4217 pheslboea
379 4156 536 4210 Alcmeonis
563 4165 673 4209 mortem
701 4161 756 4210 ulta
798 4161 833 4211 tls
854 4161 888 4209 ad
910 4161 994 4210 vellus
1015 4175 1122 4211 aureum
1146 4157 1332 4225 asportandum

225 4228 320 4282 dieitur
332 4245 348 4282 a
358 4233 507 4300 Propertio,
521 4233 668 4301 fratresque
685 4237 755 4301 ipsos
797 4243 980 4302 properantem
989 4237 1277 4303 hospitlotlralauroque
1288 4249 1332 4284 aa·
