3034 4775
559 396 629 443 nso.
654 393 692 443 11.
718 394 824 443 nuno.
845 377 877 442 2.

169 539 239 605 Gur
252 539 326 605 haec
342 538 377 605 in
390 537 487 604 terris
500 538 609 605 facies
623 537 770 606 hnmana
783 539 957 602 moraturi

209 640 353 723 Jupiter,
374 640 492 723 ignoro
508 640 653 723 pristina
665 639 754 705 furta
768 646 841 703 tue.
870 679 881 692 ·.

169 742 281 807 Fulvo
296 761 394 807 coma
408 746 471 820 est,
485 742 661 825 iongaeque
676 756 807 816 manno,
829 742 863 802 et
876 736 1026 803 maxima
1039 745 1115 805 toto
1244 742 1268 806 5

209 841 366 926 Corpore,
382 848 416 908 et
429 841 558 907 incedit
571 841 628 907 rel
642 840 731 908 Jove
746 840 851 923 digna
863 858 975 922 soror;

159 1024 251 1085 sedero
259 1038 297 1075 rue
305 1024 397 1085 dempti
406 1022 489 1074 Amor.
523 1024 605 1081 Quare
615 1028 702 1075 autem
713 1024 764 1075 laee
776 1023 842 1073 istor
857 1022 968 1073 mua
976 1019 1057 1085 tigna
1067 1020 1136 1071 coelo
1147 1020 1272 1073 noenu

159 1088 241 1149 forsas
250 1086 377 1138 mutari
410 1088 435 1138 0
446 1088 553 1150 Jupiter,
568 1104 616 1139 sos
626 1090 694 1141 eredo
713 1094 755 1139 tso
765 1088 865 1151 aalma«
876 1086 950 1146 sario
963 1085 1042 1146 faisse
1055 1100 1119 1136 uero.
1154 1087 1272 1135 Cesariea

166 1152 203 1201 ilii
213 1166 285 1201 osreo
295 1156 340 1213 eet,
356 1152 492 1215 etproiioooe
501 1167 594 1215 mass,
612 1153 721 1221 ipsaque
731 1153 795 1202 omui
806 1165 902 1214 corpore
920 1163 1031 1211 procero
1045 1147 1230 1211 incestissima,
1246 1153 1272 1199 et

164 1215 271 1280 procedit
290 1222 318 1266 ut
336 1230 404 1266 soror
413 1217 475 1267 Joue
484 1216 558 1267 diuos
575 1217 635 1282 ipsc
646 1220 729 1282 digno,
744 1219 782 1267 oei
791 1216 870 1281 paoiia
880 1215 966 1265 Pullos
976 1214 1066 1264 moedit
1081 1213 1114 1262 ori
1130 1228 1187 1263 aruo
1196 1213 1270 1264 Dali-

625 1340 807 1363 mmm

166 1426 361 1535 praeponuntur.
392 1420 444 1470 Sed
455 1427 559 1471 secutus
570 1435 625 1471 sum
637 1435 696 1469 eum
708 1419 897 1484 ordinemque
912 1418 996 1469 edidit
1007 1418 1196 1478 Broulrlousius‚
1211 1434 1271 1484 pro·

185 1492 229 1535 ata
248 1484 374 1547 scaligeri
396 1485 561 1549 trajectione,
584 1499 729 1550 quanquam
750 1484 818 1533 lilius
842 1484 1054 1546 transpositiones
1075 1485 1168 1546 passim
1186 1482 1270 1534 factas

166 1548 328 1598 damnaverit
347 1548 451 1611 Lipsius
471 1550 546 1598 Ceut.
565 1563 585 1598 1.
609 1548 693 1611 Epist.
710 1550 750 1597 ll.
776 1555 805 1597 et
824 1549 888 1596 setis
905 1545 999 1596 acerbe
1017 1548 1044 1596 iu
1060 1562 1119 1596 eum
1137 1548 1273 1597 invehatur

166 1613 274 1662 Wslilus
293 1613 371 1661 Notis
387 1611 421 1659 ad
439 1611 564 1661 Poimata
577 1627 623 1661 sua
642 1625 668 1676 p.
679 1614 736 1660 tos.
753 1610 798 1659 uloi
812 1612 971 1673 scaligerum
987 1611 1081 1659 misere
1099 1612 1227 1661 lacerasse
1243 1618 1272 1661 et

165 1676 318 1726 distraxisse
328 1674 498 1737 Propertium
514 1676 674 1725 criminatur.
707 1672 759 1726 Qui
777 1681 863 1724 tamen
879 1676 1012 1737 egregiam
1028 1681 1057 1724 et
1071 1688 1100 1723 se
1113 1674 1216 1739 dignans
1226 1675 1271 1725 iric

165 1739 290 1805 prestitit
302 1752 417 1802 operam,
429 1752 488 1788 nam
501 1738 527 1787 iu
538 1739 598 1789 edd.
610 1746 689 1788 antea
699 1739 801 1788 excursis
811 1739 897 1788 omnia
914 1740 994 1788 instar
1010 1751 1145 1802 smparuru
1164 1739 1272 1788 dissolu·

164 1811 250 1854 tarum
261 1804 328 1852 male
339 1803 523 1852 cohaerebant)
555 1802 646 1853 Nostri
657 1802 709 1851 duo
720 1803 798 1865 primi
810 1817 900 1851 versus
916 1810 978 1851 suut
988 1803 1138 1853 Burmauno
1148 1817 1200 1853 vos.
1211 1808 1235 1853 o.
1245 1806 1271 1854 6.

164 1868 261 1917 Versus
273 1866 365 1915 tertius
375 1866 409 1915 ad
418 1864 497 1916 duam
509 1872 569 1915 suut
579 1868 727 1916 Bnuuauno
739 1880 790 1915 sss.
800 1871 842 1916 tt.
856 1866 890 1915 ad
900 1866 944 1918 tiu.
959 1865 1086 1929 Scaligeri
1097 1881 1118 1915 s.
1128 1866 1272 1915 Burmanni

165 1930 392 1994 transpositionem
401 1944 451 1980 non
463 1931 516 1979 reci
537 1930 558 1980 it
568 1931 659 1981 Barth.
670 1938 698 1979 et
709 1931 832 1981 damnant
843 1931 925 1980 Kuiu.
936 1936 964 1981 et
974 1931 1078 1981 Lacum.
1088 1931 1149 1996 qui:
1166 1930 1274 1994 ‘itfale,'

167 1996 214 2057 ait,
231 1994 368 2059 ‘Scaliger
378 1995 428 2043 hoo
444 1994 522 2045 distic
556 2008 573 2043 u
589 2010 605 2043 a
621 2008 694 2073 seqq.
706 1995 814 2043 astruit:
832 2009 892 2045 nam
909 1995 977 2044 bene
993 1995 1141 2054 coherent3
1158 1994 1227 2059 quod
1242 2002 1272 2044 et

166 2060 233 2108 vidit
243 2058 361 2122 vntptus,
371 2066 408 2120 et,
418 2057 439 2108 ai
451 2059 545 2109 clarius
562 2063 732 2122 exposuisset,
745 2059 772 2110 J.
782 2058 928 2108 Schradero
960 2072 1109 2108 ersuamrus
1119 2057 1194 2107 erst.'
1227 2055 1272 2107 Ad

165 2122 223 2187 ipsa
234 2122 324 2173 Nostri
335 2121 475 2187 verbajam
484 2137 531 2172 nos
543 2132 733 2172 convertamus.
750 2122 759 2150 ‘
771 2122 932 2172 Membrana
973 2122 1036 2172 bont
1045 2120 1100 2171 fere
1109 2121 1272 2187 [eromuino]

165 2186 296 2236 meditolm
306 2202 329 2236 o.
342 2186 410 2251 quod
423 2194 511 2236 tamen
523 2187 606 2236 minus
618 2193 707 2250 aptum
719 2192 759 2235 est
789 2201 846 2235 uam
855 2186 996 2251 pometum,
1006 2193 1045 2249 et,
1055 2195 1085 2237 ut
1094 2186 1206 2249 violatur,
1215 2185 1272 2250 huj.

165 2250 245 2313 ipsius
256 2250 438 2313 interpretatio
449 2263 484 2300 ex
496 2250 588 2314 marg!
604 2251 712 2300 Broukis
743 2202 858 2312 ‘deice
867 2250 929 2315 qnia
939 2266 992 2301 sec.
1003 2250 1129 2313 scaligeri
1142 2259 1272 2313 transpoo.

167 2314 261 2364 iterum
271 2316 388 2379 sequitur
398 2315 406 2344 ‘
415 2314 578 2394 qnarebsm'
591 2328 625 2363 ea
636 2316 678 2365 El.
690 2319 714 2364 8.
724 2313 756 2365 til
766 2314 862 2364 Burri.
880 2316 924 2379 qui
935 2330 995 2364 eum
1010 2316 1174 2364 Lachmauno
1189 2313 1273 2364 raedit.

166 2378 264 2443 rejicit.
285 2378 446 2428 Brouirhuuo
458 2378 568 2429 assentit
583 2378 725 2430 Barim-8
743 2378 813 2434 Qasr
828 2377 945 2430 Broulrlr.
962 2393 1021 2429 curn
1035 2380 1177 2444 Scaligero.
1210 2378 1288 2431 Fuit.

167 2457 227 2492 euru
237 2443 353 2492 Brouklr.
364 2444 506 2506 conjiceret
515 2443 541 2504 s.
557 2443 648 2504 ἀιίἱιιι,
658 2441 727 2508 quod
738 2441 867 2491 firmatum
878 2443 978 2494 inuenit
994 2456 1011 2494 a
1027 2445 1102 2494 Pers.
1120 2459 1145 2495 r.
1161 2459 1186 2494 c.
1217 2443 1273 2494 Sed

165 2507 268 2556 hurso
285 2506 401 2556 exhibet.
434 2507 523 2557 Dcusa
536 2507 568 2556 P.
585 2507 611 2555 iu
627 2506 713 2556 fronte
728 2506 778 2557 Ed.
790 2505 897 2556 Canteri
908 2507 1082 2558 Plautinianae
1095 2508 1176 2557 voluit
1185 2507 1274 2571 speeies

166 2571 306 2622 diuiso-«i
323 2570 331 2598 ‘
343 2569 430 2630 lesoro
441 2569 539 2620 habeut
549 2576 609 2620 octo
621 2571 685 2620 Meo·
696 2583 754 2618 cum
768 2569 830 2618 edd.
840 2583 881 2634 pr.
909 2570 1008 2632 fgamoo
1018 2570 1137 2622 defendit
1147 2571 1272 2620 Passera-

167 2635 236 2696 tius;
255 2632 301 2683 red
318 2647 370 2684 non
388 2647 436 2695 ego
452 2632 573 2684 credulus
584 2633 629 2682 illi.
663 2629 791 2683 Defendit
807 2639 836 2682 et
851 2633 938 2682 Cerdo
950 2635 984 2684 ad
994 2635 1068 2697 Virg.
1083 2646 1112 2682 x.
1136 2636 1195 2684 iliu.
1212 2638 1272 2683 5³2.

166 2697 220 2748 Sed
245 2697 307 2747 nihil
333 2695 427 2746 audio?
450 2698 560 2747 Bresioi.
594 2696 779 2760 ‘Ignoscolid
799 2698 954 2760 paveret.
974 2693 1054 2745 aiod.
1077 2690 1160 2747 colia.
1187 2696 1272 2747 Lond.

168 2761 267 2824 Ignosco
274 2761 320 2810 titi
327 2762 524 2822 sclogsooeotau
532 2758 623 2810 Heius.
631 2761 667 2810 N.
675 2759 756 2822 Prop.
764 2765 793 2810 et
800 2757 867 2809 aar.
876 2775 902 2823 p.
909 2759 975 2809 Μ)
982 2759 1070 2810 Bortl.
1081 2760 1185 2822 ‘ignoro
1191 2761 1273 2824 segg.

168 2827 296 2876 Colbartt.
309 2826 385 2875 Borr.
395 2825 455 2876 Vat.
467 2828 491 2874 l.
501 2828 527 2875 2.
544 2823 631 2886 Neap.
647 2823 758 2872 Mentel.
775 2824 840 2873 Exc.
850 2823 925 2872 Mod.
936 2830 964 2872 et
974 2824 1042 2872 Scai.
1052 2824 1129 2874 Voss.
1145 2824 1272 2888 Groulug.

168 2890 250 2939 Dour.
261 2889 321 2938 mol.
345 2887 444 2937 iuaiiis
461 2893 548 2936 tamen
564 2886 663 2936 rectius
680 2888 786 2949 innotos,
800 2885 871 2950 quot
887 2893 1053 2951 propugnant
1068 2888 1235 2938 Passeratius
1246 2894 1275 2940 et

167 2953 254 3002 Lirin.
268 2952 368 3014 igmaro
374 2949 480 3012 legebat
489 2948 583 3002 Heius.
588 2964 620 3000 11.
629 2948 697 3002 Ado.
705 2955 730 3000 t.
742 2949 918 3011 velfugaeseo
924 2951 1060 3016 scripserit
1066 2950 1174 3002 auctor!
1184 2953 1273 3004 Baros.

166 3017 175 3044 ⁴
186 3017 294 3068 Temere
304 3015 482 3065 Burmsnuurn
492 3014 575 3076 ignoro
586 3013 728 3064 obliterare
747 3021 869 3064 conatum
884 3029 942 3065 esse
959 3023 1033 3066 recte
1043 3015 1143 3066 monuit
1155 3015 1272 3066 Huschk.

167 3078 245 3132 Ausi.
264 3079 330 3129 (irit.
350 3094 378 3144 p.
397 3071 463 3128 ltu!
480 3077 556 3127 lisoio.
590 3077 679 3140 ignoro
698 3077 805 3128 exhibet
823 3078 927 3128 Lacum.
954 3080 1057 3144 imploro
1075 3080 1145 3144 conj.
1162 3079 1273 3130 nid-o

171 3145 234 3194 Uti.
251 3142 353 3208 Gryplu
363 3147 388 3192 t.
412 3143 435 3192 1.
448 3155 490 3190 oea
500 3143 527 3191 J.
538 3143 563 3190 d.
573 3141 625 3191 ciro
637 3141 742 3205 legebat
750 3141 844 3194 Helos.
865 3142 873 3171 ‘
884 3143 938 3192 Per
948 3144 1136 3208 appositionem
1147 3144 1274 3208 capienda

168 3208 219 3258 ista
236 3215 307 3271 sunt,
320 3205 409 3257 incedit
419 3205 495 3268 olea·
510 3205 548 3255 uri
560 3205 621 3255 doce
638 3220 705 3255 mser
720 3213 749 3256 et
767 3207 854 3256 incedit
872 3208 962 3257 Polias.
994 3207 1117 3258 Ceterum
1135 3208 1273 3257 admodum

169 3271 234 3321 dura
244 3280 283 3322 eat
295 3273 351 3322 tome
363 3269 504 3334 appositio,
513 3275 543 3320 ut
553 3269 667 3384 auspicio
683 3271 718 3322 sit
734 3271 870 3336 scripsisse
880 3271 1048 3336 Propertium
1058 3279 1082 3322 et
1091 3273 1189 3337 walt,
1198 3273 1236 3322 oei
1244 3272 1273 3322 J.

168 3336 254 3398 dignas
263 3349 339 3396 amor,
357 3336 393 3384 Ut
408 3349 461 3384 eun
480 3334 515 3384 D.
530 3337 573 3397 lo.
619 3334 812 3398 dprohsisiiius
831 3335 1021 3401 videturquam
1038 3337 1107 3401 quod
1127 3337 1235 3386 Heinsio
1246 3337 1274 3386 iu

170 3407 283 3452 mentem
292 3398 373 3453 uenit.
389 3397 443 3450 Pro
450 3395 501 3450 Au
513 3411 577 3450 uero
591 3397 624 3450 Ut
636 3399 721 3450 Lirin
728 3401 786 3464 jam
797 3401 881 3452 soluit
892 3409 921 3451 et
930 3401 1014 3453 Italus
1023 3402 1051 3452 iu
1062 3401 1159 3452 Colot.'
1175 3401 1274 3452 holm.

668 3542 775 3594 uorn
848 3511 855 3522 '

170 3661 226 3708 tate
237 3653 331 3705 mutari
342 3659 389 3706 aut
398 3655 532 3721 corrumpi
542 3655 684 3706 desiderat.
743 3662 800 3708 turn
810 3656 920 3706 Dealom
929 3654 1008 3719 longe
1017 3651 1194 3704 formosiorem
1205 3651 1275 3702 iuter

201 3731 341 3796 dispiter,
360 3732 446 3794 ignoro
460 3730 544 3796 fruto]
578 3731 703 3782 lletiuen·
743 3733 866 3782 mortales
874 3730 1010 3795 relinquas.

171 3809 232 3858 duur
249 3807 355 3870 issem,
373 3813 405 3856 ut
423 3820 513 3857 seusus
531 3807 581 3856 sit:
605 3807 704 3856 Nescio
776 3806 920 3856 tdfaxiaoo
929 3810 980 3854 toto
992 3803 1106 3867 Corpore]
1129 3803 1275 3855 Juatacor·

171 3895 218 3931 cur
228 3887 282 3930 taur
290 3883 385 3931 multas
394 3881 456 3932 olim
468 3882 584 3946 rapueris
594 3889 621 3931 et
633 3895 702 3933 cour·
744 3881 968 3946 porismaguitudo
979 3881 1006 3929 iu
1012 3877 1122 3929 foeminis
1129 3878 1209 3928 etlam
1220 3877 1275 3927 lau·

171 3956 299 4020 presseris
309 3958 428 4020 puellas3
446 3957 503 4007 uel:
521 3957 653 4022 Nouputc
664 3970 704 4024 ea,
744 3956 835 4006 dature
853 3951 1276 4005 Aristot.1v.Etlric.‘Puleisri-

172 4044 230 4095 quas
241 4029 275 4080 de
286 4030 337 4080 tuis
348 4032 460 4097 antiquis
469 4033 604 4084 adulteriis
615 4033 703 4084 dionu-
744 4032 809 4084 tudo
826 4033 945 4083 comiatit
959 4032 987 4081 lu
1002 4045 1097 4092 magno
1113 4042 1233 4092 corpore,
1248 4034 1276 4078 et

173 4114 226 4169 tur,
237 4117 295 4156 essa
306 4119 377 4170 veru,
388 4110 467 4172 teque
479 4115 532 4159 tom
544 4111 637 4160 multas
656 4123 705 4174 pu·
744 4109 818 4174 parri
826 4108 928 4172 pulchri
937 4121 994 4155 ease
1003 4120 1054 4156 non
1066 4103 1191 4168 possunt!

173 4182 236 4234 elias
258 4180 382 4245 rapuisse,
405 4183 613 4250 quandoquidem
638 4185 706 4250 Cyn-
776 4181 1192 4245 disceditea-leoninorum]
1214 4181 1277 4231 ‘Iu-

173 4257 253 4310 thiam
264 4255 378 4324 audonis
393 4257 512 4310 omuibus
525 4265 579 4311 tum
592 4258 704 4312 foeminis
746 4258 853 4311 cedere
874 4257 1000 4310 nobilium
1026 4265 1070 4311 est
1093 4271 1275 4325 pomparum
