3034 4775
597 408 803 460 ramento.
1204 401 1247 467 17

139 558 211 625 tuui
239 553 413 621 familiaris
425 562 437 636 ;Δ
467 556 564 639 que‘m
593 550 761 619 P'ucciu'm
789 549 971 636 aliquando
997 552 1034 619 in
1060 553 1113 621 his
1140 556 1248 624 literis

140 660 370 745 principatum
385 658 546 736 tenuisse,
562 658 708 721 testetur
718 654 907 738 discipulus
933 655 1018 739 ejus,
1033 656 1144 722 Jeuus
1164 660 1248 725 Per·

138 760 292 840 rhesius;
308 758 535 843 Hieronymus
549 764 662 823 autem
674 756 787 822 Carbo
802 755 926 820 clerum
940 759 1087 841 posteris
1101 760 1249 828 reddidit

138 863 193 928 luis
207 862 379 928 versibus:
395 860 473 937 ‘Et,
489 859 546 944 qui
562 858 744 923 Sebetbum
758 856 867 941 petm’o
882 858 983 923 modo
998 861 1145 943 praetulit
1154 861 1248 928 Arno

138 964 307 1043 Paccius,
323 962 458 1028 Etrusci
477 962 567 1027 ieme
588 961 757 1043 decusque
783 959 863 1041 soli3
886 958 1008 1039 Quem,
1027 962 1109 1027 culti
1124 964 1250 1048 eloquii

137 1062 238 1133 teuto
252 1069 306 1130 est
324 1064 493 1143 facundie,
516 1062 638 1128 credes
661 1062 771 1127 Posse
799 1062 931 1128 movere
952 1062 1117 1145 homiues,
1142 1084 1248 1150 posse

137 1169 277 1235 movere
292 1165 409 1232 Deos.'
446 1166 522 1231 Nee
535 1166 611 1249 ipse
625 1164 818 1230 Politianus
832 1164 995 1231 Codicem
1009 1164 1096 1232 huuc
1111 1170 1122 1201 ‘
1136 1172 1249 1234 vetus·

139 1268 233 1336 tum’
248 1269 405 1347 dixisset,
426 1268 559 1335 (lentur.
584 1267 680 1351 prim.
705 1266 847 1332 Misoell.
871 1286 947 1351 cap.
968 1268 1024 1334 81.
1050 1268 1149 1354 cujus
1172 1269 1250 1355 ipsu

138 1372 250 1438 verbe
263 1371 319 1436 hic
329 1370 657 1456 poueudavideutur:
674 1368 799 1453 ‘Apud
809 1369 1019 1453 Propertium
1033 1387 1084 1435 ιν.
1092 1372 1124 1436 3.
1132 1372 1187 1437 21.
1198 1374 1251 1439 ite
1389 1416 1392 1422 ·

140 1472 211 1541 duo
240 1474 396 1539 versiculi
418 1474 586 1557 leguntur:
618 1472 787 1555 ‘Diguior
806 1470 943 1556 obliquo
965 1472 1078 1537 funem
1100 1475 1160 1557 qui
1182 1482 1249 1539 tor·

139 1578 247 1659 queat
260 1593 362 1640 orno:
385 1574 609 1656 AEteruusque
622 1578 711 1637 tuum
722 1577 854 1656 pascat,
868 1572 982 1651 aselle,
997 1573 1141 1639 semem!
1168 1576 1247 1654 Diu,

139 1675 264 1753 lateor,
284 1674 431 1738 uuimum
453 1673 685 1739 stimulaverat
709 1692 750 1737 ec
775 1680 962 1757 pepugeret
988 1675 1127 1760 quidum
1148 1676 1249 1760 quasi

140 1775 335 1859 scrupulus,
355 1773 460 1839 douec
479 1794 557 1840 eum
572 1772 691 1839 Codex
715 1777 868 1839 vetustus
893 1776 1019 1855 evellit,
1044 1778 1145 1860 quem
1166 1778 1251 1844 milri

140 1876 370 1943 Bemerdiuus
384 1875 497 1955 Velle,
512 1876 648 1941 celeber
663 1874 935 1954 Jurecousultus,
955 1882 990 1943 et
1012 1879 1131 1960 primes
1148 1878 1250 1945 homo

138 1978 337 2058 nobilitatis,
349 1978 471 2045 Romae
487 1978 608 2043 abhinc
616 1977 719 2042 ferme
730 1978 989 2063 quinquennium
997 1981 1248 2049 commederit:

142 2082 205 2148 ubi
220 2100 291 2147 uon
306 2102 392 2161 orreo,
407 2080 465 2145 sed
485 2078 571 2144 Oeno
583 2080 667 2162 legi:
688 2080 882 2165 legisseque
901 2090 968 2158 me,
992 2082 1107 2147 stutim
1118 2082 1250 2151 duobus

142 2183 383 2249 eruditissimis
402 2181 586 2267 juvenibus
611 2180 752 2259 ostendi,
778 2182 837 2265 qui
865 2201 919 2247 me
952 2182 1044 2247 domi
1073 2185 1250 2251 commode

143 2283 393 2353 adseverent!
436 2284 555 2350 lectio
581 2281 678 2361 Oeno,
693 2302 796 2367 quam
821 2284 905 2349 citet
928 2282 1132 2363 Politieuus,
1156 2292 1251 2354 extet

145 2389 240 2474 opud
256 2388 432 2467 Puccium,
445 2407 509 2453 uec
529 2386 629 2466 elius,
644 2384 736 2470 quod
756 2384 876 2463 eciem,
890 2382 1009 2452 Codex
1022 2374 1104 2473 ¹ejus
1124 2389 1251 2456 fundus

142 2491 313 2559 laudetur.
347 2490 411 2555 'Ex
426 2509 495 2575 quo
517 2494 673 2573 apparet,
695 2488 767 2552 risu
791 2485 927 2570 dignum
943 2507 1018 2554 esse
1042 2489 1088 2555 lt.
1111 2489 1249 2570 Titium,

144 2595 217 2679 qui,
233 2591 363 2658 Assert.
378 2598 482 2658 contr.
498 2589 622 2672 Scalig.
646 2609 680 2672 p.
700 2589 754 2653 50.
776 2607 819 2653 ue
838 2608 1009 2672 uunquam
1029 2610 1097 2680 nou
1118 2592 1250 2676 maguis

144 2697 228 2762 viris
256 2695 506 2780 obloqueretur,
524 2692 621 2768 dixit,
644 2691 732 2755 huuc
756 2688 870 2756 Vullae
890 2689 1051 2757 Codicem
1077 2711 1250 2778 uunquam

145 2798 183 2862 iu
196 2817 304 2864 rerum
317 2802 435 2862 ueture
447 2795 562 2860 fuisse.
598 2793 706 2876 Atqui
719 2790 836 2857 Vullae
851 2791 1014 2857 Godicem
1028 2813 1096 2858 non
1108 2794 1250 2862 eundem

144 2917 223 2964 csse
239 2918 314 2964 oum
329 2897 472 2962 Poutuui
481 2895 610 2960 Codice
623 2899 718 2978 petet
732 2913 809 2959 cum
820 2913 866 2957 ex
878 2893 1071 2961 diversitate
1083 2897 1249 2976 lectionis,

146 3016 248 3082 quum
272 2999 407 3062 noterit
430 2995 594 3074 Perreius,
611 3001 680 3059 tum
705 3012 749 3058 ex
779 2993 916 3058 laudate
936 2991 1063 3060 Perreii
1076 2997 1250 3083 subscrip-

144 3097 252 3177 tioue,
266 3097 301 3162 iu
316 3117 384 3183 que
397 3097 461 3163 hos
476 3095 583 3161 Godd.
596 3095 777 3177 distinguit.

192 3199 375 3278 P1aetereu,
401 3219 443 3264 ue
469 3199 567 3264 unius
598 3199 721 3264 Puccii
749 3199 943 3265 testimonio
971 3199 1036 3265 hec
1061 3202 1096 3266 iu
1121 3223 1157 3269 re
1184 3204 1250 3270 uiti
1342 3255 1352 3274 .

147 3301 277 3380 videor,
291 3301 463 3368 Domitius
480 3299 690 3380 Gelderinus,
706 3307 747 3366 ut
762 3301 852 3366 illius
869 3304 936 3368 seri
953 3309 1076 3387 ceptus
1091 3311 1175 3381 eret,
1197 3307 1250 3370 vir

148 3427 231 3476 seue
260 3406 491 3484 doctissimus,
519 3405 578 3488 qui
606 3405 735 3488 primus
764 3403 903 3487 potitum
934 3410 1086 3470 nostrum
1112 3407 1248 3490 publice

146 3507 320 3591 explicere
340 3525 515 3592 eggressus
531 3511 594 3584 est,
610 3505 781 3590 Propertii
801 3503 882 3570 loce
906 3507 1064 3586 obscure,
1083 3526 1105 3571 e
1129 3527 1168 3572 se
1189 3528 1250 3573 ex·

147 3609 296 3695 pluuute,
321 3608 397 3692 plus
425 3629 492 3674 uuo
517 3607 601 3674 God.
630 3608 791 3686 adhibito,
815 3607 923 3673 edidit
943 3607 1066 3674 Romae
1095 3627 1127 3674 e
1150 3609 1248 3676 1475.

148 3729 248 3795 quem
263 3710 395 3790 librum,
412 3731 435 3776 a
448 3710 588 3788 nemine,
604 3709 694 3792 quod
714 3710 833 3788 scium,
854 3715 1162 3790 commemoratum,
1173 3711 1249 3794 ipse

147 3811 335 3896 possideo;
358 3829 502 3893 eumque
517 3810 693 3893 repetitum
717 3810 817 3875 eredo
840 3810 877 3874 iu
901 3809 953 3876 ed.
974 3810 1147 3876 Brixieusi
1171 3813 1249 3876 euui

148 3911 244 3979 1486.
268 3911 412 3978 Domitii
434 3911 638 3996 conjecturis
666 3911 848 3994 eliquuudo
872 3912 908 3976 iu
937 3919 1068 4002 textum
1092 3913 1249 3996 receptis.

149 4009 220 4077 Sed
237 4013 378 4080 Domitii
392 4011 640 4080 Auuotctioues
652 4012 687 4077 iu
702 4013 926 4098 Propertium,
945 4033 1009 4079 uec
1023 4031 1091 4077 uou
1105 4013 1128 4078 J
1131 4017 1249 4080 oannis

150 4109 274 4189 Gottee,
285 4115 402 4180 eximii
423 4115 514 4180 illius
528 4133 569 4179 ue
583 4133 688 4198 prope
707 4115 798 4179 unici
813 4113 939 4180 catulli
956 4115 1144 4194 imitatoris,
1157 4114 1248 4181 falso

145 4215 255 4297 jactet
276 4215 379 4282 editio
407 4215 544 4284 Veuete
573 4235 606 4284 e.
634 4215 732 4281 1500.
761 4217 805 4280 cb
834 4214 989 4283 drancio
1018 4223 1142 4296 eorum,
1170 4237 1247 4301 quse

216 4333 305 4398 Delpl.
317 4338 341 4384 et
353 4333 412 4387 Ver.
422 4333 487 4384 Cius.
656 4333 768 4398 Prepst.
1159 4331 1183 4380 B
