3034 4775
248 320 291 383 lo
477 338 489 369 0
690 336 898 385 00000010.

247 480 324 560 ipsa
339 476 441 541 verba
462 474 621 541 editionis
647 475 847 559 Rhegiensis
870 485 1075 559 correxerat3
1097 480 1155 545 ubi
1170 500 1277 565 prava
1290 482 1344 547 vel

247 596 374 661 auceps
387 576 487 640 lectio
502 577 537 640 10
551 575 678 640 Codice
689 579 899 656 occurrisset,
914 589 1129 663 apposuerat,
1151 588 1162 616 ‘
1178 582 1232 647 Ita
1248 590 1344 649 vetus

247 678 277 743 is
291 676 406 741 Codex
418 676 437 757 ;’
458 677 582 741 multas
596 676 739 760 denique
762 678 974 761 conjecturas
995 687 1030 745 et
1050 682 1294 766 explicationes
1309 686 1345 748 ia

247 779 393 860 margine
407 783 590 842 notaverat.

290 879 387 944 Circa
403 878 490 942 idem
505 884 635 961 tempus
650 878 693 943 ad
715 900 770 943 me
788 900 926 964 qaoque
951 883 1070 949 delatae
1094 890 1172 949 suut
1193 886 1343 951 collatio·

246 1000 314 1058 nes,
328 998 414 1063 quas
428 979 478 1042 Μ.
493 977 661 1043 Antonius
683 979 844 1045 Pocchus
863 982 898 1044 in
922 984 1068 1064 margine
1091 982 1225 1049 Aldinae
1244 986 1342 1051 loo-2.

246 1082 437 1163 scripserat
492 1076 601 1156 Quem
627 1078 749 1143 libmm
777 1099 853 1144 eum
883 1082 963 1145 olim
999 1084 1110 1149 Lucas
1145 1086 1344 1152 Holstenius

248 1182 394 1249 Nicolao
413 1180 555 1243 Heinsio
571 1182 694 1244 muneri
710 1179 872 1259 dedisset,
888 1186 1019 1267 exejus
1035 1186 1188 1251 thesauro
1206 1187 1343 1251 librario

246 1303 280 1367 p.
294 1284 369 1348 118.
394 1300 426 1344 u.
451 1281 528 1345 619.
546 1282 579 1343 10
595 1281 627 1345 8.
655 1282 786 1345 transiit
804 1282 840 1344 in
863 1282 1097 1349 bibliothecam
1121 1286 1342 1351 Bodleiauam

247 1384 384 1449 Oxonii.
430 1382 558 1447 Eadem
571 1381 777 1447 bibliotheca
789 1383 890 1445 habet
909 1383 1045 1448 alterum
1061 1388 1231 1471 exemplar
1245 1385 1343 1452 aldi-

246 1485 444 1549 0001515.
478 1484 534 1548 cui
557 1485 661 1547 multa
689 1485 863 1548 annotavit
888 1483 1007 1550 Oetav.
1030 1486 1223 1569 Ferrarius3
1250 1489 1340 1554 haue

246 1586 349 1651 etiam
362 1584 482 1649 librum
499 1584 635 1649 Nicolai
650 1582 786 1647 Heiusii
812 1583 931 1662 fuisse,
957 1584 1084 1652 indicat
1107 1587 1287 1670 Catalogus
1307 1610 1341 1672 p.

245 1688 320 1752 119.
345 1706 378 1751 a.
400 1688 475 1751 621.
500 1688 535 1750 in
557 1685 588 1750 8.
611 1704 655 1749 ex
685 1704 749 1767 quo
771 1684 897 1749 lactum
917 1689 1145 1771 apographum
1159 1697 1291 1754 nostras
1305 1692 1340 1759 iu

245 1808 364 1855 manus
391 1788 550 1871 pervenit
595 1786 639 1849 Et
661 1785 852 1850 Pocchiauo
875 1794 910 1853 et
939 1788 1133 1853 Ferrariauo
1157 1790 1241 1853 libro
1262 1811 1342 1855 usus

245 1886 345 1953 etiam
360 1894 414 1951 est
428 1887 548 1951 Editor
562 1886 726 1969 Propertii
742 1886 1038 1969 Cantabrigiensis,
1053 1890 1149 1973 eujus
1162 1889 1341 1955 editionem

245 1983 325 2053 mihi
340 1988 448 2053 oeulis
464 2006 620 2071 usurpare
634 2007 799 2070 nunquam
820 1987 925 2053 licuit.
971 1989 1050 2054 Hoc
1073 1990 1202 2074 liquido
1227 1992 1343 2067 videor

244 2108 347 2173 posse
362 2089 537 2166 affirmare,
555 2088 734 2153 Antonium
750 2089 934 2167 Perreiam,
951 2094 1009 2174 qui
1021 2112 1138 2156 omnes
1148 2092 1217 2157 iere
1230 2094 1341 2177 expli·

245 2191 398 2255 cationes
413 2190 534 2254 Paccii
548 2178 769 2273 transcripsit,
794 2210 838 2254 ex
861 2192 1005 2255 millenis
1028 2195 1242 2273 variantibus,
1256 2214 1341 2277 quas

245 2311 360 2356 omnes
376 2292 419 2356 ad
430 2310 572 2355 examen
581 2291 713 2366 vocavi,
727 2295 784 2353 aut
796 2308 986 2374 perpaucas
1001 2301 1060 2357 aut
1073 2294 1184 2358 nullas
1194 2295 1340 2373 dedisse,

244 2413 320 2477 quae
334 2414 401 2458 nou
415 2414 458 2458 ex
473 2393 593 2457 Paccii
606 2393 679 2456 sive
694 2391 806 2457 Vallae
820 2393 905 2478 libro
921 2402 1036 2459 esseut
1049 2397 1212 2478 repetitae,
1228 2393 1340 2461 velex

245 2495 393 2560 Pontani
423 2491 560 2571 Codice,
580 2513 677 2576 quern
698 2493 856 2556 Pocchus
879 2491 1074 2576 frequenter,
1104 2514 1341 2580 nonnunquam

245 2596 343 2660 etiam
361 2595 529 2659 Ferrarius
542 2594 667 2658 laudat.
691 2593 800 2657 Immo
813 2599 902 2658 recte
914 2595 1070 2661 distinxit
1085 2598 1235 2662 Perreius
1250 2599 1341 2663 Pon-

244 2696 314 2762 tani
328 2698 550 2780 conjecturas,
565 2713 649 2776 quas
664 2695 714 2758 sic
733 2699 845 2757 notat:
860 2699 873 2728 ‘
888 2693 985 2758 Pon?
998 2698 1052 2761 vel
1067 2701 1078 2731 ‘
1094 2697 1169 2761 Po!
1183 2701 1227 2762 ab
1242 2695 1342 2763 Codi-

244 2797 342 2862 eihus
356 2797 429 2880 ejus
442 2798 530 2862 lectt
546 2813 632 2878 quas
654 2796 721 2860 ita:
744 2782 854 2858 '‘Pon.
869 2794 919 2859 C?
955 2797 1109 2862 Pocchus
1119 2818 1264 2883 quoque,
1279 2801 1339 2883 qui

244 2902 335 2962 totos
359 2915 477 2961 versus
509 2915 555 2960 ex
585 2895 727 2959 Pontaui
753 2895 881 2961 Codice
909 2897 1014 2975 affert,
1037 2899 1138 2964 modo
1163 2899 1239 2964 dat:
1275 2899 1339 2964 ‘Q

245 2995 355 3060 Pout.'
370 2995 489 3061 modo:
513 3002 524 3030 ‘
540 2995 595 3060 Ita
608 2997 689 3076 legit
703 2995 826 3061 Pout.'

287 3098 395 3162 Porro
420 3117 463 3162 ex
485 3097 656 3161 Pacciaao
676 3100 862 3180 exemplari
876 3119 998 3164 novum
1010 3103 1155 3166 nascitur
1169 3121 1341 3183 argumen-

244 3205 326 3275 tum,
342 3215 409 3282 quo
422 3198 641 3280 liquidissime
662 3199 916 3278 demonstretur,
933 3208 1058 3282 quanto
1081 3202 1115 3265 10
1138 3222 1246 3268 errore
1268 3224 1340 3268 ver-

244 3301 313 3364 sati
342 3301 408 3364 sint
433 3301 497 3364 viri
522 3301 656 3379 eruditi,
686 3321 764 3366 cum
791 3302 1034 3379 existimarant,
1059 3323 1175 3367 omnes
1204 3307 1340 3369 omnino

244 3399 413 3482 Propertii
428 3399 536 3465 Codd.
551 3422 595 3466 ex
616 3403 715 3466 unico
741 3401 811 3478 illo,
828 3404 885 3484 qui
908 3403 1061 3468 Poutauo
1086 3405 1340 3470 adolescentulo

243 3501 377 3564 1000110
392 3501 520 3566 vinaria
534 3504 687 3568 iuventus
710 3504 765 3580 sit,
780 3502 937 3584 fluxisse;
959 3524 1033 3584 nee,
1047 3513 1168 3587 praeter
1182 3507 1227 3583 id,
1238 3507 1341 3570 ullum

243 3607 406 3665 vetustum
421 3602 518 3685 hujus
534 3603 643 3685 pohtae
659 3603 830 3684 exemplar
844 3604 994 3668 inveniri.
1038 3604 1175 3669 Dudum
1189 3605 1340 3688 equidem

244 3701 287 3765 (10
303 3702 442 3766 veritate
458 3703 555 3785 hujus
571 3702 736 3786 opinionis
752 3701 916 3780 dubitavi,
931 3723 1037 3786 neque
1055 3725 1130 3769 eam
1153 3705 1341 3769 61000000-

244 3801 297 3865 aio
312 3803 485 3884 placuisse
508 3804 606 3867 laetus
626 3802 786 3865 intellexi.
831 3801 928 3878 Sane,
944 3805 973 3866 si
1001 3804 1121 3869 Codex
1145 3805 1342 3871 Bernardiai

244 3900 355 3966 Vallae
370 3922 414 3967 ex
428 3903 499 3979 illo,
516 3901 611 3984 cujus
633 3901 805 3996 Pontanus
827 3906 1022 3968 mentionem
1044 3904 1137 3982 facit,
1154 3905 1341 3988 descriptus

245 4008 347 4081 esset,
363 4004 462 4067 istum
487 4003 799 4085 ‘antiquissimum'
821 4023 943 4069 vocare
959 4024 1027 4068 non
1045 4007 1217 4088 potuisset
1237 4005 1342 4068 Frau-

245 4103 357 4169 ciscus
381 4103 535 4181 Paccius,
555 4102 676 4188 Augeli
701 4104 861 4172 Politiani
884 4106 1082 4189 discipulua
1102 4115 1139 4172 et
1151 4107 1186 4172 J.
1199 4107 1234 4172 1.
1251 4106 1341 4170 Pon·
