3034 4775
279 400 323 465 68
582 404 818 463 rrsrrnonrl
844 410 890 457 nr
913 408 1070 459 ruurcra

391 602 594 669 Franciecus
607 600 782 668 vavassor
796 600 871 666 Lib.
885 598 929 664 de
944 598 1090 665 ludicra
1106 600 1275 669 Dictione.

325 720 431 802 Galli,
447 720 505 805 qui
520 719 711 786 duriuscule
721 725 860 805 putatur
872 720 1066 803 scripsisse,
1079 718 1162 784 nihil
1174 719 1386 805 pervenitad

282 844 359 901 uos,
369 820 491 907 injuria
502 828 538 885 et
550 821 728 904 iniquitate
742 825 937 905 temporum.
980 819 1164 897 Tibullum,
1183 822 1234 885 ita
1247 825 1284 884 ut
1296 828 1394 899 erat,

284 924 486 1009 accepimus,
501 922 673 988 excrdtum
687 925 788 1005 utque
810 921 1009 1008 expolitum.
1053 920 1116 985 Est
1132 919 1329 1005 Propertius
1348 922 1388 986 in

284 1026 452 1102 manibus,
466 1030 502 1089 et
516 1024 584 1088 oris
596 1022 710 1087 blandi
724 1021 839 1105 poeta,
851 1026 885 1085 et
899 1021 1027 1085 altioris
1048 1020 1199 1106 spiritus,
1213 1027 1249 1087 et
1261 1022 1389 1087 fabulis

285 1128 465 1204 eseban-et
478 1124 666 1189 imitatione
680 1120 881 1189 Graecorum
895 1121 1026 1186 doctus.

322 1294 429 1362 Olaus
443 1292 651 1373 Borriohius,
664 1291 868 1377 Cogitation.
882 1292 924 1357 de
937 1290 1053 1357 Variis
1068 1290 1210 1377 Linguae
1223 1294 1354 1360 Lednae

559 1394 736 1461 AEtatibus
751 1393 788 1459 in
801 1390 898 1457 Voce
922 1396 933 1427 ‘
948 1390 1113 1476 vigilax?

330 1528 533 1614 Quanquam
555 1528 728 1595 Sidonium
749 1526 835 1593 inter
857 1526 972 1612 capite
994 1545 1116 1592 censos
1130 1547 1199 1594 non
1213 1530 1390 1597 existime-

286 1652 362 1698 mus
376 1631 627 1719 numerandum,
639 1628 694 1694 hic
708 1636 824 1694 tamen
835 1647 904 1694 uon
925 1636 996 1695 tem
1018 1628 1206 1710 Sidonium,
1220 1651 1323 1715 quum
1335 1634 1390 1699 in-

287 1732 555 1819 corruptissimos
570 1730 703 1794 Latium
721 1728 845 1811 lingum
866 1735 1022 1794 auctores
1045 1728 1260 1815 Propertium
1273 1741 1309 1799 et
1321 1732 1391 1799 Co-

287 1834 456 1901 lumellam
470 1832 676 1910 veneramur,
689 1828 789 1896 vocis
804 1826 906 1914 hujus
920 1836 1093 1915 patronos.

332 2002 501 2071 Octavius
516 2000 702 2079 Ferrarius,
720 1996 877 2084 Epistola
892 1997 938 2063 ad
952 1996 1074 2065 Franc.
1097 2000 1346 2087 Speraverium.

331 2134 437 2203 Erunt
450 2134 688 2222 quidemoculi
706 2133 773 2199 mei
796 2132 1027 2201 amoeuissimo
1039 2132 1296 2202 vicentinorum
1318 2138 1390 2203 col·

289 2240 371 2305 lium
384 2244 524 2322 aspectu
537 2236 691 2314 recreati,
703 2254 790 2321 quos
803 2242 873 2301 tam
888 2236 1057 2303 bacchata
1063 2238 1174 2324 *Lyaeo
1182 2239 1279 2325 juga,
1288 2258 1392 2323 quarn

286 2340 451 2408 Veterum
463 2338 719 2424 magnificentia
731 2337 934 2404 decertantia
952 2338 1077 2404 civium
1091 2342 1253 2424 praetorie
1266 2340 1389 2406 nobili·

291 2450 373 2510 taut
417 2442 473 2508 Ibi
488 2441 682 2528 quindecim
704 2439 776 2506 dies
789 2440 904 2526 opimo
926 2441 1087 2526 aucupio,
1100 2447 1147 2521 et,
1161 2447 1202 2508 ut
1216 2463 1295 2509 cnm
1308 2443 1392 2510 Pin·

292 2545 373 2610 daro
386 2544 516 2629 loquar,
529 2535 609 2608 urae
623 2541 793 2608 bullientis
815 2561 888 2607 rore
910 2544 1147 2626 spumantibus
1168 2545 1309 2628 pateris,
1330 2545 1393 2610 sed

291 2645 461 2732 praecipue
488 2643 777 2730 Propertianorum
801 2643 988 2709 carminum
1011 2645 1201 2726 dulcedine,
1218 2645 1394 2730 jucundis·

293 2765 378 2813 sune
392 2765 500 2830 exegi.

293 2914 421 2980 Daniel
435 2912 600 2998 Georgius
624 2911 826 2992 Morhofius,
841 2914 906 3080 ii&
922 2914 964 2981 de
985 2913 1215 2984 Patariuitate
1228 2916 1393 2984 liviana:

766 3034 842 3079 ca.
906 3061 915 3080 .

338 3131 534 3218 Propertius
560 3131 689 3199 Umber
710 3033 983 3215 interlpnncipes
1007 3151 1118 3200 aureae
1138 3135 1252 3202 aetatis
1273 3135 1396 3220 poiitas

294 3233 620 3318 omniumsuiiragiis
642 3233 823 3317 reponitur.
866 3231 1002 3299 Primus
1024 3236 1113 3300 enim
1135 3236 1298 3303 Italorum
1318 3237 1397 3302 Ele·

295 3336 384 3418 mam
397 3335 496 3402 latio
510 3337 657 3402 donarit
701 3332 827 3398 Blandi
850 3333 918 3400 oris
941 3334 1088 3403 Ovidius
1107 3337 1203 3404 illum
1221 3343 1337 3420 vocat,
1359 3346 1397 3404 et

290 3435 369 3522 jure
384 3438 531 3504 sodalitii
546 3437 611 3502 sibi
621 3435 778 3520 junctum
791 3434 925 3501 latetur.

366 3607 516 3674 somnes
529 3604 689 3673 maenus
711 3604 902 3687 raesens,
916 3607 949 3672 u
965 3606 1176 3675 elenenses
1190 3559 1325 3676 muna

341 3739 467 3805 Sextus
478 3737 635 3806 Aurelius
642 3737 849 3826 Propertius,
860 3739 998 3820 Umber,
1008 3761 1075 3808 uon
1087 3743 1248 3809 minorem
1260 3743 1398 3811 laudem

298 3841 433 3925 scriptis
447 3839 548 3924 elegis
563 3846 763 3908 consecutus
776 3848 840 3920 est,
855 3859 958 3925 quam
972 3841 1064 3927 apud
1078 3841 1223 3910 Graecos
1236 3843 1398 3910 Callima·

298 3942 393 4019 chus,
406 3939 542 4008 Cousve
557 3941 717 4023 Philetas,
732 3961 822 4027 quos
847 3943 1039 4008 aemulatum
1062 3963 1141 4010 esse
1164 3963 1203 4010 se
1223 3945 1299 4030 ipse
1309 3963 1398 4030 prm·
1500 3918 1501 3953 ¹

297 4044 401 4109 dicat.
433 4042 566 4111 Floruit
578 4045 683 4129 paulo
697 4050 773 4110 aute
787 4044 958 4110 Ovidium.
1001 4043 1128 4111 Extam
1141 4045 1307 4130 Propertii
1320 4045 1398 4111 libri
1427 4121 1432 4129 ,
1500 4046 1501 4061 ’

299 4151 444 4231 quatuor
458 4145 659 4231 Elegiarum,
672 4147 796 4213 lascivi
810 4146 950 4232 passim,
960 4149 1109 4211 ceterum
1117 4145 1322 4212 'libulliauis
1331 4166 1398 4212 nou

301 4247 524 4314 concedentes
538 4249 652 4332 lepore
665 4251 699 4314 et
713 4247 894 4330 elegantia,
908 4246 1094 4316 eruditione
1110 4267 1192 4314 vero
1205 4247 1283 4314 illos
1295 4247 1399 4314 etiam
