<?xml version="1.0" encoding="UTF-8"?>
<!DOCTYPE html PUBLIC "-//W3C//DTD XHTML 1.0 Transitional//EN"
    "http://www.w3.org/TR/xhtml1/DTD/xhtml1-transitional.dtd">
<html xmlns="http://www.w3.org/1999/xhtml" xml:lang="en" lang="en">
 <head>
  <title>
</title>
<meta http-equiv="Content-Type" content="text/html;charset=utf-8" />
  <meta name='ocr-system' content='tesseract 3.04.00' />
  <meta name='ocr-capabilities' content='ocr_page ocr_carea ocr_par ocr_line ocrx_word'/>
</head>
<body>
  <div class='ocr_page' id='page_1' title='image "./sextiaureliipro01dubogoog/sextiaureliipro01dubogoog_0073.png"; bbox 0 0 3034 4775; ppageno 0'>
   <div class='ocr_carea' id='block_1_1' title="bbox 261 258 1057 323">
    <p class='ocr_par' dir='ltr' id='par_1_1' title="bbox 261 258 1057 323">
     <span class='ocr_line' id='line_1_1' title="bbox 261 258 1057 323; baseline -0.003 -2"><span class='ocrx_word' id='word_1_1' title='bbox 261 258 305 321; x_wconf 85' lang='grc'><strong>60</strong></span> <span class='ocrx_word' id='word_1_2' title='bbox 575 273 808 323; x_wconf 76' lang='lat' dir='ltr'><strong>nasoruorrri</strong></span> <span class='ocrx_word' id='word_1_3' title='bbox 836 276 881 322; x_wconf 87' lang='lat' dir='ltr'><strong>en</strong></span> <span class='ocrx_word' id='word_1_4' title='bbox 903 273 1057 323; x_wconf 73' lang='lat' dir='ltr'><strong>tunicii</strong></span> 
     </span>
    </p>
   </div>
   <div class='ocr_carea' id='block_1_2' title="bbox 264 416 1369 502">
    <p class='ocr_par' dir='ltr' id='par_1_2' title="bbox 264 416 1369 502">
     <span class='ocr_line' id='line_1_2' title="bbox 264 416 1369 502; baseline 0.005 -20"><span class='ocrx_word' id='word_1_5' title='bbox 264 418 467 483; x_wconf 82' lang='lat' dir='ltr'><strong>Francieeue</strong></span> <span class='ocrx_word' id='word_1_6' title='bbox 483 417 640 486; x_wconf 82' lang='lat' dir='ltr'><strong>Floridoe</strong></span> <span class='ocrx_word' id='word_1_7' title='bbox 654 418 812 494; x_wconf 86' lang='lat' dir='ltr'><strong>Sabiuna,</strong></span> <span class='ocrx_word' id='word_1_8' title='bbox 833 416 1005 501; x_wconf 70' lang='lat' dir='ltr'><strong>Apologia</strong></span> <span class='ocrx_word' id='word_1_9' title='bbox 1023 419 1059 483; x_wconf 92' lang='lat' dir='ltr'><strong>in</strong></span> <span class='ocrx_word' id='word_1_10' title='bbox 1074 418 1215 502; x_wconf 74' lang='lat' dir='ltr'><strong>Linguae</strong></span> <span class='ocrx_word' id='word_1_11' title='bbox 1230 419 1369 487; x_wconf 70' lang='lat' dir='ltr'><strong>latinae</strong></span> 
     </span>
    </p>
   </div>
   <div class='ocr_carea' id='block_1_3' title="bbox 198 503 1494 606">
    <p class='ocr_par' dir='ltr' id='par_1_3' title="bbox 198 503 1494 606">
     <span class='ocr_line' id='line_1_3' title="bbox 198 503 1494 606; baseline 0.002 -20"><span class='ocrx_word' id='word_1_12' title='bbox 198 518 204 527; x_wconf 91' lang='lat'>·</span> <span class='ocrx_word' id='word_1_13' title='bbox 328 520 605 598; x_wconf 65' lang='lat' dir='ltr'><strong>calumniatores,</strong></span> <span class='ocrx_word' id='word_1_14' title='bbox 619 520 885 604; x_wconf 68' lang='lat' dir='ltr'><strong>postuminiani</strong></span> <span class='ocrx_word' id='word_1_15' title='bbox 898 518 1292 606; x_wconf 64' lang='lat' dir='ltr'><strong>comminantium.</strong></span> <span class='ocrx_word' id='word_1_16' title='bbox 1371 552 1377 564; x_wconf 87' lang='lat'><strong>·</strong></span> <span class='ocrx_word' id='word_1_17' title='bbox 1487 503 1494 548; x_wconf 70' lang='lat'><strong>·&#39;</strong></span> 
     </span>
    </p>
   </div>
   <div class='ocr_carea' id='block_1_4' title="bbox 254 638 1371 1233">
    <p class='ocr_par' dir='ltr' id='par_1_4' title="bbox 254 638 1371 1233">
     <span class='ocr_line' id='line_1_4' title="bbox 306 638 1369 723; baseline 0.003 -17"><span class='ocrx_word' id='word_1_18' title='bbox 306 640 417 721; x_wconf 81' lang='lat' dir='ltr'><strong>Quam</strong></span> <span class='ocrx_word' id='word_1_19' title='bbox 442 656 559 723; x_wconf 82' lang='lat' dir='ltr'><strong>pamm</strong></span> <span class='ocrx_word' id='word_1_20' title='bbox 582 638 645 703; x_wconf 93' lang='lat' dir='ltr'><strong>tibi</strong></span> <span class='ocrx_word' id='word_1_21' title='bbox 668 640 824 705; x_wconf 84' lang='lat' dir='ltr'><strong>convenit</strong></span> <span class='ocrx_word' id='word_1_22' title='bbox 848 658 924 706; x_wconf 88' lang='lat' dir='ltr'><strong>cnm</strong></span> <span class='ocrx_word' id='word_1_23' title='bbox 947 638 1067 719; x_wconf 86' lang='lat' dir='ltr'><strong>Fabio,</strong></span> <span class='ocrx_word' id='word_1_24' title='bbox 1097 638 1264 707; x_wconf 83' lang='lat' dir='ltr'><strong>Marullo!</strong></span> <span class='ocrx_word' id='word_1_25' title='bbox 1307 644 1369 709; x_wconf 80' lang='lat' dir='ltr'><strong>&#39;ru</strong></span> 
     </span>
     <span class='ocr_line' id='line_1_5' title="bbox 261 740 1369 826; baseline 0.001 -16"><span class='ocrx_word' id='word_1_26' title='bbox 261 746 396 810; x_wconf 88' lang='lat' dir='ltr'><strong>unicum</strong></span> <span class='ocrx_word' id='word_1_27' title='bbox 416 740 588 807; x_wconf 74' lang='lat' dir='ltr'><strong>Tibullum</strong></span> <span class='ocrx_word' id='word_1_28' title='bbox 613 742 750 826; x_wconf 86' lang='lat' dir='ltr'><strong>probas,</strong></span> <span class='ocrx_word' id='word_1_29' title='bbox 773 749 902 807; x_wconf 78' lang='lat' dir='ltr'><strong>eeteros</strong></span> <span class='ocrx_word' id='word_1_30' title='bbox 921 742 1095 809; x_wconf 79' lang='lat' dir='ltr'><strong>excludis:</strong></span> <span class='ocrx_word' id='word_1_31' title='bbox 1116 744 1147 809; x_wconf 82' lang='lat' dir='ltr'><strong>ie</strong></span> <span class='ocrx_word' id='word_1_32' title='bbox 1170 764 1239 809; x_wconf 91' lang='lat' dir='ltr'><strong>non</strong></span> <span class='ocrx_word' id='word_1_33' title='bbox 1259 746 1369 811; x_wconf 89' lang='lat' dir='ltr'><strong>modo</strong></span> 
     </span>
     <span class='ocr_line' id='line_1_6' title="bbox 262 836 1371 929; baseline 0.001 -19"><span class='ocrx_word' id='word_1_34' title='bbox 262 844 467 929; x_wconf 72' lang='lat' dir='ltr'><strong>properium</strong></span> <span class='ocrx_word' id='word_1_35' title='bbox 495 861 565 908; x_wconf 89' lang='lat' dir='ltr'><strong>non</strong></span> <span class='ocrx_word' id='word_1_36' title='bbox 591 842 746 921; x_wconf 83' lang='lat' dir='ltr'><strong>exclusit,</strong></span> <span class='ocrx_word' id='word_1_37' title='bbox 781 842 841 906; x_wconf 82' lang='lat' dir='ltr'><strong>sed</strong></span> <span class='ocrx_word' id='word_1_38' title='bbox 865 844 1019 909; x_wconf 81' lang='lat' dir='ltr'><strong>omnibns</strong></span> <span class='ocrx_word' id='word_1_39' title='bbox 1045 844 1150 910; x_wconf 89' lang='lat' dir='ltr'><strong>etiam</strong></span> <span class='ocrx_word' id='word_1_40' title='bbox 1175 836 1371 929; x_wconf 81' lang='lat' dir='ltr'><strong>aliquorum</strong></span> 
     </span>
     <span class='ocr_line' id='line_1_7' title="bbox 254 942 1366 1033; baseline 0.001 -24"><span class='ocrx_word' id='word_1_41' title='bbox 254 944 384 1033; x_wconf 91' lang='lat' dir='ltr'><strong>judicio</strong></span> <span class='ocrx_word' id='word_1_42' title='bbox 398 944 599 1029; x_wconf 68' lang='lat' dir='ltr'><strong>anteposuit.</strong></span> <span class='ocrx_word' id='word_1_43' title='bbox 644 942 724 1023; x_wconf 86' lang='lat' dir='ltr'><strong>Qua</strong></span> <span class='ocrx_word' id='word_1_44' title='bbox 737 945 773 1009; x_wconf 91' lang='lat' dir='ltr'><strong>in</strong></span> <span class='ocrx_word' id='word_1_45' title='bbox 786 964 824 1009; x_wconf 89' lang='lat' dir='ltr'><strong>re</strong></span> <span class='ocrx_word' id='word_1_46' title='bbox 846 944 882 1010; x_wconf 92' lang='lat' dir='ltr'><strong>id</strong></span> <span class='ocrx_word' id='word_1_47' title='bbox 896 947 962 1011; x_wconf 83' lang='lat' dir='ltr'><strong>sibi</strong></span> <span class='ocrx_word' id='word_1_48' title='bbox 981 946 1130 1012; x_wconf 83' lang='lat' dir='ltr'><strong>voluisse</strong></span> <span class='ocrx_word' id='word_1_49' title='bbox 1144 946 1291 1027; x_wconf 83' lang='lat' dir='ltr'><strong>videtur,</strong></span> <span class='ocrx_word' id='word_1_50' title='bbox 1312 954 1366 1026; x_wconf 84' lang='lat' dir='ltr'><strong>ut,</strong></span> 
     </span>
     <span class='ocr_line' id='line_1_8' title="bbox 260 1046 1364 1133; baseline 0.002 -21"><span class='ocrx_word' id='word_1_51' title='bbox 260 1066 337 1113; x_wconf 91' lang='lat' dir='ltr'><strong>cum</strong></span> <span class='ocrx_word' id='word_1_52' title='bbox 352 1066 466 1112; x_wconf 90' lang='lat' dir='ltr'><strong>eorum</strong></span> <span class='ocrx_word' id='word_1_53' title='bbox 479 1051 618 1131; x_wconf 85' lang='lat' dir='ltr'><strong>uterque</strong></span> <span class='ocrx_word' id='word_1_54' title='bbox 630 1046 665 1113; x_wconf 87' lang='lat' dir='ltr'><strong>io</strong></span> <span class='ocrx_word' id='word_1_55' title='bbox 678 1048 798 1133; x_wconf 77' lang='lat' dir='ltr'><strong>Elegia</strong></span> <span class='ocrx_word' id='word_1_56' title='bbox 808 1048 1044 1115; x_wconf 81' lang='lat' dir='ltr'><strong>celeberrimus</strong></span> <span class='ocrx_word' id='word_1_57' title='bbox 1055 1048 1166 1129; x_wconf 82' lang='lat' dir='ltr'><strong>fuerit,</strong></span> <span class='ocrx_word' id='word_1_58' title='bbox 1175 1050 1364 1133; x_wconf 85' lang='lat' dir='ltr'><strong>unicuique</strong></span> 
     </span>
     <span class='ocr_line' id='line_1_9' title="bbox 260 1148 1363 1233; baseline 0 -18"><span class='ocrx_word' id='word_1_59' title='bbox 260 1148 305 1215; x_wconf 81' lang='lat' dir='ltr'><strong>sii</strong></span> <span class='ocrx_word' id='word_1_60' title='bbox 318 1148 459 1215; x_wconf 89' lang='lat' dir='ltr'><strong>liberum</strong></span> <span class='ocrx_word' id='word_1_61' title='bbox 483 1168 581 1233; x_wconf 87' lang='lat' dir='ltr'><strong>quern</strong></span> <span class='ocrx_word' id='word_1_62' title='bbox 594 1149 690 1215; x_wconf 87' lang='lat' dir='ltr'><strong>malit</strong></span> <span class='ocrx_word' id='word_1_63' title='bbox 703 1150 839 1216; x_wconf 85' lang='lat' dir='ltr'><strong>imitari.</strong></span> <span class='ocrx_word' id='word_1_64' title='bbox 884 1149 1051 1230; x_wconf 78' lang='lat' dir='ltr'><strong>Quamvis</strong></span> <span class='ocrx_word' id='word_1_65' title='bbox 1075 1158 1188 1217; x_wconf 86' lang='lat' dir='ltr'><strong>autem</strong></span> <span class='ocrx_word' id='word_1_66' title='bbox 1207 1151 1292 1217; x_wconf 88' lang='lat' dir='ltr'><strong>nibil</strong></span> <span class='ocrx_word' id='word_1_67' title='bbox 1314 1153 1363 1217; x_wconf 80' lang='lat' dir='ltr'><strong>sit</strong></span> 
     </span>
    </p>
   </div>
   <div class='ocr_carea' id='block_1_5' title="bbox 132 1250 1364 1339">
    <p class='ocr_par' dir='ltr' id='par_1_5' title="bbox 132 1250 1364 1339">
     <span class='ocr_line' id='line_1_10' title="bbox 132 1250 1364 1339; baseline 0.004 -25"><span class='ocrx_word' id='word_1_68' title='bbox 132 1320 134 1324; x_wconf 63' lang='grc'>,</span> <span class='ocrx_word' id='word_1_69' title='bbox 257 1250 363 1316; x_wconf 81' lang='lat' dir='ltr'><strong>ferme</strong></span> <span class='ocrx_word' id='word_1_70' title='bbox 377 1250 545 1329; x_wconf 80' lang='lat' dir='ltr'><strong>odiosius,</strong></span> <span class='ocrx_word' id='word_1_71' title='bbox 567 1270 671 1336; x_wconf 84' lang='lat' dir='ltr'><strong>qnam</strong></span> <span class='ocrx_word' id='word_1_72' title='bbox 693 1250 738 1316; x_wconf 91' lang='lat' dir='ltr'><strong>de</strong></span> <span class='ocrx_word' id='word_1_73' title='bbox 760 1252 899 1317; x_wconf 77' lang='lat' dir='ltr'><strong>summio</strong></span> <span class='ocrx_word' id='word_1_74' title='bbox 921 1252 1004 1317; x_wconf 83' lang='lat' dir='ltr'><strong>viris</strong></span> <span class='ocrx_word' id='word_1_75' title='bbox 1022 1257 1057 1317; x_wconf 88' lang='lat' dir='ltr'><strong>et</strong></span> <span class='ocrx_word' id='word_1_76' title='bbox 1071 1252 1261 1337; x_wconf 78' lang='lat' dir='ltr'><strong>aequalibus</strong></span> <span class='ocrx_word' id='word_1_77' title='bbox 1273 1273 1364 1339; x_wconf 85' lang='lat' dir='ltr'><strong>prie-</strong></span> 
     </span>
    </p>
   </div>
   <div class='ocr_carea' id='block_1_6' title="bbox 248 1352 1417 3753">
    <p class='ocr_par' dir='ltr' id='par_1_6' title="bbox 248 1352 1417 3753">
     <span class='ocr_line' id='line_1_11' title="bbox 260 1352 1361 1439; baseline 0.001 -20"><span class='ocrx_word' id='word_1_78' title='bbox 260 1353 374 1419; x_wconf 74' lang='lat' dir='ltr'><strong>sertim</strong></span> <span class='ocrx_word' id='word_1_79' title='bbox 383 1354 549 1438; x_wconf 85' lang='lat' dir='ltr'><strong>judicare,</strong></span> <span class='ocrx_word' id='word_1_80' title='bbox 570 1372 634 1418; x_wconf 88' lang='lat' dir='ltr'><strong>noc</strong></span> <span class='ocrx_word' id='word_1_81' title='bbox 647 1352 787 1419; x_wconf 86' lang='lat' dir='ltr'><strong>libenter</strong></span> <span class='ocrx_word' id='word_1_82' title='bbox 800 1373 823 1420; x_wconf 91' lang='lat' dir='ltr'><strong>a</strong></span> <span class='ocrx_word' id='word_1_83' title='bbox 838 1353 946 1420; x_wconf 82' lang='lat' dir='ltr'><strong>Fabio</strong></span> <span class='ocrx_word' id='word_1_84' title='bbox 969 1354 1175 1434; x_wconf 72' lang='lat' dir='ltr'><strong>dissentiam,</strong></span> <span class='ocrx_word' id='word_1_85' title='bbox 1197 1374 1275 1420; x_wconf 90' lang='lat' dir='ltr'><strong>cnm</strong></span> <span class='ocrx_word' id='word_1_86' title='bbox 1289 1374 1361 1439; x_wconf 90' lang='lat' dir='ltr'><strong>qno</strong></span> 
     </span>
     <span class='ocr_line' id='line_1_12' title="bbox 259 1453 1361 1539; baseline 0.002 -20"><span class='ocrx_word' id='word_1_87' title='bbox 259 1454 351 1520; x_wconf 89' lang='lat' dir='ltr'><strong>bona</strong></span> <span class='ocrx_word' id='word_1_88' title='bbox 364 1453 568 1520; x_wconf 88' lang='lat' dir='ltr'><strong>eruditorum</strong></span> <span class='ocrx_word' id='word_1_89' title='bbox 582 1472 662 1539; x_wconf 84' lang='lat' dir='ltr'><strong>pars</strong></span> <span class='ocrx_word' id='word_1_90' title='bbox 675 1454 851 1521; x_wconf 84' lang='lat' dir='ltr'><strong>Tibullum</strong></span> <span class='ocrx_word' id='word_1_91' title='bbox 864 1454 1042 1538; x_wconf 81' lang='lat' dir='ltr'><strong>Propertio</strong></span> <span class='ocrx_word' id='word_1_92' title='bbox 1067 1456 1243 1520; x_wconf 83' lang='lat' dir='ltr'><strong>cultiorem</strong></span> <span class='ocrx_word' id='word_1_93' title='bbox 1266 1476 1361 1521; x_wconf 77' lang='lat' dir='ltr'><strong>aeae·</strong></span> 
     </span>
     <span class='ocr_line' id='line_1_13' title="bbox 259 1555 1361 1643; baseline -0.002 -20"><span class='ocrx_word' id='word_1_94' title='bbox 259 1559 322 1638; x_wconf 80' lang='lat' dir='ltr'><strong>rit3</strong></span> <span class='ocrx_word' id='word_1_95' title='bbox 344 1576 409 1624; x_wconf 88' lang='lat' dir='ltr'><strong>noo</strong></span> <span class='ocrx_word' id='word_1_96' title='bbox 430 1576 563 1623; x_wconf 84' lang='lat' dir='ltr'><strong>vererer</strong></span> <span class='ocrx_word' id='word_1_97' title='bbox 581 1558 617 1623; x_wconf 90' lang='lat' dir='ltr'><strong>in</strong></span> <span class='ocrx_word' id='word_1_98' title='bbox 636 1576 749 1624; x_wconf 89' lang='lat' dir='ltr'><strong>eorum</strong></span> <span class='ocrx_word' id='word_1_99' title='bbox 774 1559 898 1635; x_wconf 86' lang='lat' dir='ltr'><strong>album,</strong></span> <span class='ocrx_word' id='word_1_100' title='bbox 919 1557 979 1643; x_wconf 92' lang='lat' dir='ltr'><strong>qui</strong></span> <span class='ocrx_word' id='word_1_101' title='bbox 992 1555 1206 1641; x_wconf 82' lang='lat' dir='ltr'><strong>Propertium</strong></span> <span class='ocrx_word' id='word_1_102' title='bbox 1218 1556 1361 1635; x_wconf 88' lang='lat' dir='ltr'><strong>malunt,</strong></span> 
     </span>
     <span class='ocr_line' id='line_1_14' title="bbox 257 1656 1361 1744; baseline 0 -21"><span class='ocrx_word' id='word_1_103' title='bbox 257 1677 377 1726; x_wconf 86' lang='lat' dir='ltr'><strong>nomen</strong></span> <span class='ocrx_word' id='word_1_104' title='bbox 390 1658 483 1738; x_wconf 83' lang='lat' dir='ltr'><strong>dane,</strong></span> <span class='ocrx_word' id='word_1_105' title='bbox 504 1660 632 1743; x_wconf 87' lang='lat' dir='ltr'><strong>quippo</strong></span> <span class='ocrx_word' id='word_1_106' title='bbox 647 1660 718 1744; x_wconf 89' lang='lat' dir='ltr'><strong>qni,</strong></span> <span class='ocrx_word' id='word_1_107' title='bbox 733 1659 816 1743; x_wconf 90' lang='lat' dir='ltr'><strong>quid</strong></span> <span class='ocrx_word' id='word_1_108' title='bbox 830 1658 866 1723; x_wconf 85' lang='lat' dir='ltr'><strong>in</strong></span> <span class='ocrx_word' id='word_1_109' title='bbox 879 1657 980 1743; x_wconf 77' lang='lat' dir='ltr'><strong>liujus</strong></span> <span class='ocrx_word' id='word_1_110' title='bbox 992 1656 1107 1744; x_wconf 70' lang='lat' dir='ltr'><strong>poetar</strong></span> <span class='ocrx_word' id='word_1_111' title='bbox 1122 1657 1258 1743; x_wconf 76' lang='lat' dir='ltr'><strong>scriptis</strong></span> <span class='ocrx_word' id='word_1_112' title='bbox 1270 1656 1361 1723; x_wconf 78' lang='lat' dir='ltr'><strong>deei-</strong></span> 
     </span>
     <span class='ocr_line' id='line_1_15' title="bbox 258 1759 1360 1838; baseline 0 -13"><span class='ocrx_word' id='word_1_113' title='bbox 258 1759 373 1826; x_wconf 85' lang='lat' dir='ltr'><strong>derure</strong></span> <span class='ocrx_word' id='word_1_114' title='bbox 399 1761 513 1838; x_wconf 87' lang='lat' dir='ltr'><strong>liceat,</strong></span> <span class='ocrx_word' id='word_1_115' title='bbox 535 1780 602 1827; x_wconf 91' lang='lat' dir='ltr'><strong>nou</strong></span> <span class='ocrx_word' id='word_1_116' title='bbox 632 1761 785 1827; x_wconf 83' lang='lat' dir='ltr'><strong>videam:</strong></span> <span class='ocrx_word' id='word_1_117' title='bbox 810 1760 860 1826; x_wconf 85' lang='lat' dir='ltr'><strong>ita</strong></span> <span class='ocrx_word' id='word_1_118' title='bbox 883 1761 997 1827; x_wconf 89' lang='lat' dir='ltr'><strong>omnia</strong></span> <span class='ocrx_word' id='word_1_119' title='bbox 1020 1759 1154 1838; x_wconf 89' lang='lat' dir='ltr'><strong>munda,</strong></span> <span class='ocrx_word' id='word_1_120' title='bbox 1187 1759 1360 1836; x_wconf 75' lang='lat' dir='ltr'><strong>absoluta,</strong></span> 
     </span>
     <span class='ocr_line' id='line_1_16' title="bbox 257 1859 1362 1947; baseline 0 -20"><span class='ocrx_word' id='word_1_121' title='bbox 257 1863 362 1941; x_wconf 83' lang='lat' dir='ltr'><strong>culta,</strong></span> <span class='ocrx_word' id='word_1_122' title='bbox 384 1863 557 1939; x_wconf 87' lang='lat' dir='ltr'><strong>concinna,</strong></span> <span class='ocrx_word' id='word_1_123' title='bbox 578 1862 742 1947; x_wconf 73' lang='lat' dir='ltr'><strong>elegantia</strong></span> <span class='ocrx_word' id='word_1_124' title='bbox 755 1866 842 1941; x_wconf 78' lang='lat' dir='ltr'><strong>sunt,</strong></span> <span class='ocrx_word' id='word_1_125' title='bbox 856 1861 1006 1946; x_wconf 85' lang='lat' dir='ltr'><strong>nihilque</strong></span> <span class='ocrx_word' id='word_1_126' title='bbox 1019 1860 1156 1939; x_wconf 85' lang='lat' dir='ltr'><strong>habeut,</strong></span> <span class='ocrx_word' id='word_1_127' title='bbox 1175 1859 1265 1944; x_wconf 90' lang='lat' dir='ltr'><strong>quod</strong></span> <span class='ocrx_word' id='word_1_128' title='bbox 1278 1878 1362 1927; x_wconf 81' lang='lat' dir='ltr'><strong>ean·</strong></span> 
     </span>
     <span class='ocr_line' id='line_1_17' title="bbox 258 1961 1363 2050; baseline -0.002 -21"><span class='ocrx_word' id='word_1_129' title='bbox 258 1964 336 2030; x_wconf 85' lang='lat' dir='ltr'><strong>dam</strong></span> <span class='ocrx_word' id='word_1_130' title='bbox 351 1964 469 2031; x_wconf 87' lang='lat' dir='ltr'><strong>trabat.</strong></span> <span class='ocrx_word' id='word_1_131' title='bbox 513 1964 637 2050; x_wconf 77' lang='lat' dir='ltr'><strong>Atque,</strong></span> <span class='ocrx_word' id='word_1_132' title='bbox 658 1971 697 2031; x_wconf 87' lang='lat' dir='ltr'><strong>ut</strong></span> <span class='ocrx_word' id='word_1_133' title='bbox 710 1964 804 2030; x_wconf 87' lang='lat' dir='ltr'><strong>illuni</strong></span> <span class='ocrx_word' id='word_1_134' title='bbox 818 1962 954 2031; x_wconf 78' lang='lat' dir='ltr'><strong>Tibullo</strong></span> <span class='ocrx_word' id='word_1_135' title='bbox 968 1982 1085 2048; x_wconf 86' lang='lat' dir='ltr'><strong>panem</strong></span> <span class='ocrx_word' id='word_1_136' title='bbox 1109 1966 1308 2040; x_wconf 73' lang='lat' dir='ltr'><strong>statuamus,</strong></span> <span class='ocrx_word' id='word_1_137' title='bbox 1320 1961 1363 2027; x_wconf 82' lang='lat' dir='ltr'><strong>im</strong></span> 
     </span>
     <span class='ocr_line' id='line_1_18' title="bbox 255 2062 1360 2153; baseline -0.003 -22"><span class='ocrx_word' id='word_1_138' title='bbox 255 2066 320 2131; x_wconf 91' lang='lat' dir='ltr'><strong>boc</strong></span> <span class='ocrx_word' id='word_1_139' title='bbox 345 2073 432 2133; x_wconf 87' lang='lat' dir='ltr'><strong>certe</strong></span> <span class='ocrx_word' id='word_1_140' title='bbox 454 2069 562 2150; x_wconf 78' lang='lat' dir='ltr'><strong>magis</strong></span> <span class='ocrx_word' id='word_1_141' title='bbox 586 2072 641 2133; x_wconf 82' lang='lat' dir='ltr'><strong>est</strong></span> <span class='ocrx_word' id='word_1_142' title='bbox 657 2067 846 2133; x_wconf 78' lang='lat' dir='ltr'><strong>laudandus</strong></span> <span class='ocrx_word' id='word_1_143' title='bbox 861 2066 1067 2153; x_wconf 77' lang='lat' dir='ltr'><strong>Propertius,</strong></span> <span class='ocrx_word' id='word_1_144' title='bbox 1089 2062 1181 2149; x_wconf 90' lang='lat' dir='ltr'><strong>qnod</strong></span> <span class='ocrx_word' id='word_1_145' title='bbox 1195 2063 1360 2129; x_wconf 86' lang='lat' dir='ltr'><strong>Italorum</strong></span> 
     </span>
     <span class='ocr_line' id='line_1_19' title="bbox 255 2163 1417 2253; baseline -0.002 -22"><span class='ocrx_word' id='word_1_146' title='bbox 255 2166 383 2250; x_wconf 77' lang='lat' dir='ltr'><strong>primns</strong></span> <span class='ocrx_word' id='word_1_147' title='bbox 399 2166 551 2251; x_wconf 78' lang='lat' dir='ltr'><strong>Elegiam</strong></span> <span class='ocrx_word' id='word_1_148' title='bbox 566 2168 667 2235; x_wconf 82' lang='lat' dir='ltr'><strong>Latio</strong></span> <span class='ocrx_word' id='word_1_149' title='bbox 681 2169 829 2249; x_wconf 86' lang='lat' dir='ltr'><strong>donarit,</strong></span> <span class='ocrx_word' id='word_1_150' title='bbox 851 2177 892 2235; x_wconf 89' lang='lat' dir='ltr'><strong>ut</strong></span> <span class='ocrx_word' id='word_1_151' title='bbox 904 2169 982 2253; x_wconf 81' lang='lat' dir='ltr'><strong>ipae</strong></span> <span class='ocrx_word' id='word_1_152' title='bbox 996 2166 1039 2232; x_wconf 89' lang='lat' dir='ltr'><strong>de</strong></span> <span class='ocrx_word' id='word_1_153' title='bbox 1053 2186 1092 2231; x_wconf 84' lang='lat' dir='ltr'><strong>se</strong></span> <span class='ocrx_word' id='word_1_154' title='bbox 1114 2163 1358 2249; x_wconf 76' lang='lat' dir='ltr'><strong>elegantissime</strong></span> <span class='ocrx_word' id='word_1_155' title='bbox 1405 2230 1417 2251; x_wconf 66' lang='lat'><em>‚</em></span> 
     </span>
     <span class='ocr_line' id='line_1_20' title="bbox 254 2274 1121 2333; baseline -0.002 0"><span class='ocrx_word' id='word_1_156' title='bbox 254 2274 415 2333; x_wconf 76' lang='lat' dir='ltr'><strong>testatur:</strong></span> <span class='ocrx_word' id='word_1_157' title='bbox 1116 2291 1121 2300; x_wconf 75' lang='grc'><em>’</em></span> 
     </span>
     <span class='ocr_line' id='line_1_21' title="bbox 298 2366 1139 2452; baseline 0.001 -19"><span class='ocrx_word' id='word_1_158' title='bbox 298 2367 433 2434; x_wconf 88' lang='lat' dir='ltr'><strong>Primus</strong></span> <span class='ocrx_word' id='word_1_159' title='bbox 448 2387 514 2450; x_wconf 82' lang='lat' dir='ltr'><strong>ego</strong></span> <span class='ocrx_word' id='word_1_160' title='bbox 528 2367 697 2451; x_wconf 83' lang='lat' dir='ltr'><strong>ingredior</strong></span> <span class='ocrx_word' id='word_1_161' title='bbox 709 2387 793 2452; x_wconf 85' lang='lat' dir='ltr'><strong>poro</strong></span> <span class='ocrx_word' id='word_1_162' title='bbox 807 2367 851 2433; x_wconf 89' lang='lat' dir='ltr'><strong>de</strong></span> <span class='ocrx_word' id='word_1_163' title='bbox 867 2368 963 2433; x_wconf 85' lang='lat' dir='ltr'><strong>fonte</strong></span> <span class='ocrx_word' id='word_1_164' title='bbox 978 2366 1139 2434; x_wconf 79' lang='lat' dir='ltr'><strong>sacerdos</strong></span> 
     </span>
     <span class='ocr_line' id='line_1_22' title="bbox 341 2469 1010 2553; baseline -0.001 -19"><span class='ocrx_word' id='word_1_165' title='bbox 341 2469 433 2535; x_wconf 88' lang='lat' dir='ltr'><strong>Itula</strong></span> <span class='ocrx_word' id='word_1_166' title='bbox 449 2489 509 2553; x_wconf 89' lang='lat' dir='ltr'><strong>per</strong></span> <span class='ocrx_word' id='word_1_167' title='bbox 523 2469 649 2535; x_wconf 87' lang='lat' dir='ltr'><strong>Graios</strong></span> <span class='ocrx_word' id='word_1_168' title='bbox 665 2471 758 2553; x_wconf 78' lang='lat' dir='ltr'><strong>orgia</strong></span> <span class='ocrx_word' id='word_1_169' title='bbox 773 2470 858 2535; x_wconf 80' lang='lat' dir='ltr'><strong>ferre</strong></span> <span class='ocrx_word' id='word_1_170' title='bbox 871 2471 1010 2534; x_wconf 82' lang='lat' dir='ltr'><strong>choros:</strong></span> 
     </span>
     <span class='ocr_line' id='line_1_23' title="bbox 254 2577 1246 2664; baseline 0 -30"><span class='ocrx_word' id='word_1_171' title='bbox 254 2577 301 2648; x_wconf 85' lang='lat' dir='ltr'><strong>et,</strong></span> <span class='ocrx_word' id='word_1_172' title='bbox 1100 2637 1105 2664; x_wconf 47' lang='grc' dir='ltr'>Ι</span> <span class='ocrx_word' id='word_1_173' title='bbox 1240 2639 1246 2654; x_wconf 57' lang='grc'>,</span> 
     </span>
     <span class='ocr_line' id='line_1_24' title="bbox 296 2669 1225 2757; baseline 0 -21"><span class='ocrx_word' id='word_1_174' title='bbox 296 2669 351 2736; x_wconf 83' lang='lat' dir='ltr'><strong>Ab</strong></span> <span class='ocrx_word' id='word_1_175' title='bbox 366 2671 488 2751; x_wconf 84' lang='lat' dir='ltr'><strong>valeat,</strong></span> <span class='ocrx_word' id='word_1_176' title='bbox 503 2670 670 2737; x_wconf 87' lang='lat' dir='ltr'><strong>Phoebum</strong></span> <span class='ocrx_word' id='word_1_177' title='bbox 686 2672 889 2757; x_wconf 87' lang='lat' dir='ltr'><strong>quicumque</strong></span> <span class='ocrx_word' id='word_1_178' title='bbox 903 2676 1050 2737; x_wconf 88' lang='lat' dir='ltr'><strong>moratur</strong></span> <span class='ocrx_word' id='word_1_179' title='bbox 1060 2670 1097 2735; x_wconf 89' lang='lat' dir='ltr'><strong>in</strong></span> <span class='ocrx_word' id='word_1_180' title='bbox 1107 2671 1225 2736; x_wconf 81' lang='lat' dir='ltr'><strong>armis:</strong></span> 
     </span>
     <span class='ocr_line' id='line_1_25' title="bbox 339 2769 967 2858; baseline 0 -19"><span class='ocrx_word' id='word_1_181' title='bbox 339 2769 490 2839; x_wconf 80' lang='lat' dir='ltr'><strong>Exaetus</strong></span> <span class='ocrx_word' id='word_1_182' title='bbox 504 2773 596 2839; x_wconf 90' lang='lat' dir='ltr'><strong>tenui</strong></span> <span class='ocrx_word' id='word_1_183' title='bbox 610 2775 745 2858; x_wconf 86' lang='lat' dir='ltr'><strong>pumice</strong></span> <span class='ocrx_word' id='word_1_184' title='bbox 758 2792 877 2840; x_wconf 75' lang='lat' dir='ltr'><strong>verena</strong></span> <span class='ocrx_word' id='word_1_185' title='bbox 893 2782 967 2840; x_wconf 88' lang='lat' dir='ltr'><strong>eat:</strong></span> 
     </span>
     <span class='ocr_line' id='line_1_26' title="bbox 296 2871 1095 2955; baseline 0.001 -17"><span class='ocrx_word' id='word_1_186' title='bbox 296 2871 376 2952; x_wconf 82' lang='lat' dir='ltr'><strong>Quo</strong></span> <span class='ocrx_word' id='word_1_187' title='bbox 389 2894 443 2940; x_wconf 91' lang='lat' dir='ltr'><strong>me</strong></span> <span class='ocrx_word' id='word_1_188' title='bbox 457 2874 547 2940; x_wconf 82' lang='lat' dir='ltr'><strong>lama</strong></span> <span class='ocrx_word' id='word_1_189' title='bbox 559 2876 652 2940; x_wconf 84' lang='lat' dir='ltr'><strong>levat</strong></span> <span class='ocrx_word' id='word_1_190' title='bbox 667 2880 755 2941; x_wconf 88' lang='lat' dir='ltr'><strong>terra</strong></span> <span class='ocrx_word' id='word_1_191' title='bbox 769 2874 939 2955; x_wconf 87' lang='lat' dir='ltr'><strong>sublimis,</strong></span> <span class='ocrx_word' id='word_1_192' title='bbox 961 2880 995 2940; x_wconf 87' lang='lat' dir='ltr'><strong>et</strong></span> <span class='ocrx_word' id='word_1_193' title='bbox 1007 2892 1028 2939; x_wconf 91' lang='lat' dir='ltr'><strong>a</strong></span> <span class='ocrx_word' id='word_1_194' title='bbox 1041 2894 1095 2939; x_wconf 85' lang='lat' dir='ltr'><strong>nie</strong></span> 
     </span>
     <span class='ocr_line' id='line_1_27' title="bbox 338 2963 1062 3061; baseline 0.001 -22"><span class='ocrx_word' id='word_1_195' title='bbox 338 2973 434 3040; x_wconf 90' lang='lat' dir='ltr'><strong>Nata</strong></span> <span class='ocrx_word' id='word_1_196' title='bbox 447 2976 619 3041; x_wconf 78' lang='lat' dir='ltr'><strong>coronatis</strong></span> <span class='ocrx_word' id='word_1_197' title='bbox 634 2963 748 3042; x_wconf 79' lang='lat' dir='ltr'><strong>Musa</strong></span> <span class='ocrx_word' id='word_1_198' title='bbox 758 2975 937 3061; x_wconf 87' lang='lat' dir='ltr'><strong>triumphet</strong></span> <span class='ocrx_word' id='word_1_199' title='bbox 952 2975 1062 3060; x_wconf 86' lang='lat' dir='ltr'><strong>equis.</strong></span> 
     </span>
     <span class='ocr_line' id='line_1_28' title="bbox 251 3075 1353 3162; baseline 0.004 -22"><span class='ocrx_word' id='word_1_200' title='bbox 251 3075 431 3142; x_wconf 76' lang='lat' dir='ltr'><strong>Atidium</strong></span> <span class='ocrx_word' id='word_1_201' title='bbox 452 3075 621 3160; x_wconf 84' lang='lat' dir='ltr'><strong>eleganter</strong></span> <span class='ocrx_word' id='word_1_202' title='bbox 640 3076 735 3156; x_wconf 83' lang='lat' dir='ltr'><strong>fecit,</strong></span> <span class='ocrx_word' id='word_1_203' title='bbox 757 3083 794 3142; x_wconf 94' lang='lat' dir='ltr'><strong>nt</strong></span> <span class='ocrx_word' id='word_1_204' title='bbox 813 3078 896 3142; x_wconf 89' lang='lat' dir='ltr'><strong>nibil</strong></span> <span class='ocrx_word' id='word_1_205' title='bbox 917 3078 1098 3162; x_wconf 87' lang='lat' dir='ltr'><strong>quiequam</strong></span> <span class='ocrx_word' id='word_1_206' title='bbox 1117 3077 1194 3161; x_wconf 82' lang='lat' dir='ltr'><strong>ejus</strong></span> <span class='ocrx_word' id='word_1_207' title='bbox 1208 3077 1353 3144; x_wconf 80' lang='lat' dir='ltr'><strong>inventia</strong></span> 
     </span>
     <span class='ocr_line' id='line_1_29' title="bbox 249 3176 1354 3263; baseline 0.003 -20"><span class='ocrx_word' id='word_1_208' title='bbox 249 3179 378 3261; x_wconf 84' lang='lat' dir='ltr'><strong>posteri</strong></span> <span class='ocrx_word' id='word_1_209' title='bbox 386 3176 507 3243; x_wconf 87' lang='lat' dir='ltr'><strong>addere</strong></span> <span class='ocrx_word' id='word_1_210' title='bbox 514 3178 700 3263; x_wconf 85' lang='lat' dir='ltr'><strong>potuerint:</strong></span> <span class='ocrx_word' id='word_1_211' title='bbox 715 3178 805 3260; x_wconf 89' lang='lat' dir='ltr'><strong>qood</strong></span> <span class='ocrx_word' id='word_1_212' title='bbox 820 3179 935 3243; x_wconf 89' lang='lat' dir='ltr'><strong>neseio</strong></span> <span class='ocrx_word' id='word_1_213' title='bbox 950 3197 994 3242; x_wconf 91' lang='lat' dir='ltr'><strong>au</strong></span> <span class='ocrx_word' id='word_1_214' title='bbox 1010 3176 1240 3244; x_wconf 86' lang='lat' dir='ltr'><strong>Romanorum</strong></span> <span class='ocrx_word' id='word_1_215' title='bbox 1252 3179 1354 3246; x_wconf 87' lang='lat' dir='ltr'><strong>alicui</strong></span> 
     </span>
     <span class='ocr_line' id='line_1_30' title="bbox 248 3269 1353 3364; baseline 0.001 -20"><span class='ocrx_word' id='word_1_216' title='bbox 248 3281 292 3357; x_wconf 86' lang='lat' dir='ltr'><strong>(si</strong></span> <span class='ocrx_word' id='word_1_217' title='bbox 317 3278 511 3356; x_wconf 86' lang='lat' dir='ltr'><strong>Horatium,</strong></span> <span class='ocrx_word' id='word_1_218' title='bbox 532 3279 687 3362; x_wconf 87' lang='lat' dir='ltr'><strong>quamvis</strong></span> <span class='ocrx_word' id='word_1_219' title='bbox 709 3279 742 3342; x_wconf 90' lang='lat' dir='ltr'><strong>in</strong></span> <span class='ocrx_word' id='word_1_220' title='bbox 766 3269 898 3342; x_wconf 82' lang='lat' dir='ltr'><strong>diverso</strong></span> <span class='ocrx_word' id='word_1_221' title='bbox 923 3296 1033 3362; x_wconf 87' lang='lat' dir='ltr'><strong>opere,</strong></span> <span class='ocrx_word' id='word_1_222' title='bbox 1057 3278 1229 3364; x_wconf 81' lang='lat' dir='ltr'><strong>excipias)</strong></span> <span class='ocrx_word' id='word_1_223' title='bbox 1242 3279 1353 3346; x_wconf 85' lang='lat' dir='ltr'><strong>adbuc</strong></span> 
     </span>
     <span class='ocr_line' id='line_1_31' title="bbox 248 3376 1351 3465; baseline -0.003 -19"><span class='ocrx_word' id='word_1_224' title='bbox 248 3381 433 3463; x_wconf 77' lang='lat' dir='ltr'><strong>contigerit.</strong></span> <span class='ocrx_word' id='word_1_225' title='bbox 478 3379 622 3444; x_wconf 84' lang='lat' dir='ltr'><strong>Ovidius</strong></span> <span class='ocrx_word' id='word_1_226' title='bbox 637 3383 723 3443; x_wconf 85' lang='lat' dir='ltr'><strong>certe</strong></span> <span class='ocrx_word' id='word_1_227' title='bbox 737 3376 852 3443; x_wconf 89' lang='lat' dir='ltr'><strong>blandi</strong></span> <span class='ocrx_word' id='word_1_228' title='bbox 866 3378 936 3442; x_wconf 87' lang='lat' dir='ltr'><strong>orie</strong></span> <span class='ocrx_word' id='word_1_229' title='bbox 955 3377 1173 3462; x_wconf 87' lang='lat' dir='ltr'><strong>Propertium</strong></span> <span class='ocrx_word' id='word_1_230' title='bbox 1187 3381 1351 3465; x_wconf 87' lang='lat' dir='ltr'><strong>appellat,</strong></span> 
     </span>
     <span class='ocr_line' id='line_1_32' title="bbox 248 3479 1351 3568; baseline -0.001 -20"><span class='ocrx_word' id='word_1_231' title='bbox 248 3501 349 3568; x_wconf 89' lang='lat' dir='ltr'><strong>quem</strong></span> <span class='ocrx_word' id='word_1_232' title='bbox 375 3491 411 3547; x_wconf 90' lang='lat' dir='ltr'><strong>ot</strong></span> <span class='ocrx_word' id='word_1_233' title='bbox 428 3483 506 3567; x_wconf 88' lang='lat' dir='ltr'><strong>jure</strong></span> <span class='ocrx_word' id='word_1_234' title='bbox 531 3479 679 3547; x_wconf 84' lang='lat' dir='ltr'><strong>sodalitii</strong></span> <span class='ocrx_word' id='word_1_235' title='bbox 702 3479 769 3544; x_wconf 87' lang='lat' dir='ltr'><strong>sibi</strong></span> <span class='ocrx_word' id='word_1_236' title='bbox 794 3480 947 3565; x_wconf 86' lang='lat' dir='ltr'><strong>junctum</strong></span> <span class='ocrx_word' id='word_1_237' title='bbox 973 3481 1079 3546; x_wconf 82' lang='lat' dir='ltr'><strong>luisse</strong></span> <span class='ocrx_word' id='word_1_238' title='bbox 1103 3480 1238 3547; x_wconf 81' lang='lat' dir='ltr'><strong>latetur.</strong></span> <span class='ocrx_word' id='word_1_239' title='bbox 1283 3481 1351 3547; x_wconf 87' lang='lat' dir='ltr'><strong>Sed</strong></span> 
     </span>
     <span class='ocr_line' id='line_1_33' title="bbox 248 3580 1351 3668; baseline 0 -20"><span class='ocrx_word' id='word_1_240' title='bbox 248 3584 489 3668; x_wconf 83' lang='lat' dir='ltr'><strong>quantulnsest</strong></span> <span class='ocrx_word' id='word_1_241' title='bbox 502 3583 594 3667; x_wconf 93' lang='lat' dir='ltr'><strong>apud</strong></span> <span class='ocrx_word' id='word_1_242' title='bbox 608 3581 792 3650; x_wconf 81' lang='lat' dir='ltr'><strong>Marullum</strong></span> <span class='ocrx_word' id='word_1_243' title='bbox 807 3580 974 3648; x_wconf 81' lang='lat' dir='ltr'><strong>ovidiusi</strong></span> <span class='ocrx_word' id='word_1_244' title='bbox 996 3589 1054 3649; x_wconf 87' lang='lat' dir='ltr'><strong>aut</strong></span> <span class='ocrx_word' id='word_1_245' title='bbox 1068 3601 1170 3668; x_wconf 88' lang='lat' dir='ltr'><strong>quam</strong></span> <span class='ocrx_word' id='word_1_246' title='bbox 1180 3582 1263 3649; x_wconf 91' lang='lat' dir='ltr'><strong>nibil</strong></span> <span class='ocrx_word' id='word_1_247' title='bbox 1276 3584 1351 3668; x_wconf 81' lang='lat' dir='ltr'><strong>ejus</strong></span> 
     </span>
     <span class='ocr_line' id='line_1_34' title="bbox 251 3685 660 3753; baseline -0.01 -2"><span class='ocrx_word' id='word_1_248' title='bbox 251 3685 435 3753; x_wconf 83' lang='lat' dir='ltr'><strong>Amoribos</strong></span> <span class='ocrx_word' id='word_1_249' title='bbox 450 3685 578 3750; x_wconf 80' lang='lat' dir='ltr'><strong>deserti</strong></span> <span class='ocrx_word' id='word_1_250' title='bbox 600 3687 660 3748; x_wconf 85' lang='lat' dir='ltr'><strong>&amp;c</strong></span> 
     </span>
    </p>
   </div>
   <div class='ocr_carea' id='block_1_7' title="bbox 282 3866 1321 3957">
    <p class='ocr_par' dir='ltr' id='par_1_7' title="bbox 282 3866 1321 3957">
     <span class='ocr_line' id='line_1_35' title="bbox 282 3866 1321 3957; baseline -0.001 -23"><span class='ocrx_word' id='word_1_251' title='bbox 282 3869 424 3938; x_wconf 79' lang='lat' dir='ltr'><strong>Paullus</strong></span> <span class='ocrx_word' id='word_1_252' title='bbox 436 3869 606 3936; x_wconf 83' lang='lat' dir='ltr'><strong>Manutius</strong></span> <span class='ocrx_word' id='word_1_253' title='bbox 621 3870 662 3936; x_wconf 85' lang='lat' dir='ltr'><strong>L.</strong></span> <span class='ocrx_word' id='word_1_254' title='bbox 679 3887 736 3936; x_wconf 88' lang='lat' dir='ltr'><strong>iii.</strong></span> <span class='ocrx_word' id='word_1_255' title='bbox 753 3871 863 3957; x_wconf 83' lang='lat' dir='ltr'><strong>Epist.</strong></span> <span class='ocrx_word' id='word_1_256' title='bbox 878 3871 931 3936; x_wconf 82' lang='grc'><strong>14.</strong></span> <span class='ocrx_word' id='word_1_257' title='bbox 953 3869 997 3936; x_wconf 87' lang='lat' dir='ltr'><strong>ad</strong></span> <span class='ocrx_word' id='word_1_258' title='bbox 1013 3869 1065 3935; x_wconf 85' lang='lat' dir='ltr'><strong>ld.</strong></span> <span class='ocrx_word' id='word_1_259' title='bbox 1081 3866 1124 3935; x_wconf 84' lang='lat' dir='ltr'><strong>A.</strong></span> <span class='ocrx_word' id='word_1_260' title='bbox 1141 3867 1321 3934; x_wconf 82' lang='lat' dir='ltr'><strong>Moratum.</strong></span> 
     </span>
    </p>
   </div>
   <div class='ocr_carea' id='block_1_8' title="bbox 245 3985 1349 4177">
    <p class='ocr_par' dir='ltr' id='par_1_8' title="bbox 245 3985 1349 4177">
     <span class='ocr_line' id='line_1_36' title="bbox 289 3985 1349 4074; baseline -0.005 -21"><span class='ocrx_word' id='word_1_261' title='bbox 289 3987 344 4053; x_wconf 89' lang='lat' dir='ltr'><strong>To</strong></span> <span class='ocrx_word' id='word_1_262' title='bbox 370 3989 483 4066; x_wconf 89' lang='lat' dir='ltr'><strong>modo,</strong></span> <span class='ocrx_word' id='word_1_263' title='bbox 509 3989 568 4070; x_wconf 89' lang='lat' dir='ltr'><strong>qui</strong></span> <span class='ocrx_word' id='word_1_264' title='bbox 594 3985 763 4056; x_wconf 68' lang='lat' dir='ltr'><strong>ciuilium</strong></span> <span class='ocrx_word' id='word_1_265' title='bbox 787 3987 984 4074; x_wconf 82' lang='lat' dir='ltr'><strong>expolieris,</strong></span> <span class='ocrx_word' id='word_1_266' title='bbox 1010 3986 1055 4050; x_wconf 87' lang='lat' dir='ltr'><strong>da</strong></span> <span class='ocrx_word' id='word_1_267' title='bbox 1079 4004 1227 4070; x_wconf 88' lang='lat' dir='ltr'><strong>operam,</strong></span> <span class='ocrx_word' id='word_1_268' title='bbox 1254 3991 1293 4049; x_wconf 92' lang='lat' dir='ltr'><strong>ut</strong></span> <span class='ocrx_word' id='word_1_269' title='bbox 1313 3985 1349 4049; x_wconf 88' lang='lat' dir='ltr'><strong>in</strong></span> 
     </span>
     <span class='ocr_line' id='line_1_37' title="bbox 245 4085 1349 4177; baseline -0.005 -22"><span class='ocrx_word' id='word_1_270' title='bbox 245 4089 382 4155; x_wconf 89' lang='lat' dir='ltr'><strong>Tibullo</strong></span> <span class='ocrx_word' id='word_1_271' title='bbox 397 4096 430 4155; x_wconf 91' lang='lat' dir='ltr'><strong>et</strong></span> <span class='ocrx_word' id='word_1_272' title='bbox 445 4088 633 4174; x_wconf 89' lang='lat' dir='ltr'><strong>Propertio,</strong></span> <span class='ocrx_word' id='word_1_273' title='bbox 651 4093 709 4177; x_wconf 90' lang='lat' dir='ltr'><strong>qui</strong></span> <span class='ocrx_word' id='word_1_274' title='bbox 731 4092 842 4158; x_wconf 90' lang='lat' dir='ltr'><strong>locum</strong></span> <span class='ocrx_word' id='word_1_275' title='bbox 858 4089 909 4156; x_wconf 91' lang='lat' dir='ltr'><strong>illi</strong></span> <span class='ocrx_word' id='word_1_276' title='bbox 931 4089 1120 4171; x_wconf 84' lang='lat' dir='ltr'><strong>proximum</strong></span> <span class='ocrx_word' id='word_1_277' title='bbox 1134 4087 1168 4152; x_wconf 90' lang='lat' dir='ltr'><strong>in</strong></span> <span class='ocrx_word' id='word_1_278' title='bbox 1183 4085 1349 4170; x_wconf 77' lang='lat' dir='ltr'><strong>elegantia</strong></span> 
     </span>
    </p>
   </div>
   <div class='ocr_carea' id='block_1_9' title="bbox 0 0 1522 4775">
    <p class='ocr_par' dir='ltr' id='par_1_9' title="bbox 0 0 1522 4775">
     <span class='ocr_line' id='line_1_38' title="bbox 0 0 1522 4775; baseline 0 6"><span class='ocrx_word' id='word_1_279' title='bbox 0 0 1522 4775; x_wconf 95' lang='lat' dir='ltr'><strong> </strong></span> 
     </span>
    </p>
   </div>
  </div>
 </body>
</html>
