3034 4775
482 433 556 481 sna
579 430 705 481 annos
729 432 902 481 prensus.
1198 420 1245 488 49

139 580 244 655 esset,
258 590 366 657 neque
382 580 492 639 umen
511 572 585 657 jam
601 574 812 639 consulatum
825 574 956 656 inisset,
977 576 1133 645 Cornelia
1147 598 1244 645 soror

138 684 242 761 rapta
257 683 320 741 est.
365 674 400 740 N
401 694 468 755 nm,
483 677 513 741 si
523 675 657 741 tratrem
669 676 778 743 adbuc
789 678 958 744 consulem
965 680 1117 759 vidisset,
1132 681 1245 747 dicere

137 795 207 842 non
223 783 343 863 posset
355 778 491 843 fratrem
507 776 608 841 modo
623 778 813 859 geminasse
826 780 944 845 sellam
958 782 1119 861 curulem,
1140 783 1244 869 idque

138 878 305 962 seipsam
321 878 458 943 vidisse.
502 876 584 943 Vox
606 881 616 911 ‘
631 878 801 963 tempore'
816 900 908 960 vero,
920 882 955 945 iu
968 902 1067 947 versu
1080 882 1245 961 breviore,

138 980 285 1063 pertinet
298 980 344 1045 ad
358 980 576 1066 participium
590 986 601 1015 ‘
615 988 713 1066 rapta
722 983 742 1049 ι’
761 1002 826 1066 ego
840 988 937 1050 soror
947 984 1041 1049 illius
1055 988 1155 1070 rapta
1168 1002 1246 1049 sum

139 1090 306 1169 tempore,
321 1103 395 1169 pro,
414 1084 566 1167 tempori,
589 1084 613 1149 i.
629 1103 657 1150 e.
681 1086 717 1149 in
739 1093 906 1170 tempore,
927 1086 1033 1171 justo,
1057 1094 1246 1171 opportuno

138 1190 305 1269 tempore,
326 1204 405 1250 cum
414 1187 487 1270 jam
501 1193 555 1251 set
569 1188 654 1253 felix
668 1187 822 1267 fuissem,
836 1206 958 1273 neque,
972 1188 1115 1255 fortunae
1130 1189 1246 1255 incon·

137 1287 301 1351 mutiam
315 1293 477 1371 expertae,
502 1289 683 1375 quicquam
706 1290 835 1357 sinistri
848 1295 882 1357 et
896 1298 1018 1375 prater
1035 1296 1152 1376 optata
1164 1291 1247 1355 mibi

139 1390 338 1456 accidisset.
384 1393 533 1459 Pertinet
556 1395 622 1460 buc
647 1394 772 1461 Donati
787 1393 977 1460 observatio
991 1393 1126 1460 adTer.
1143 1392 1246 1456 Andr.
1271 1447 1275 1453 .

141 1509 192 1558 rr.
208 1496 241 1561 6.
257 1494 311 1559 19.
327 1498 360 1529 “
374 1494 466 1560 Veni
479 1498 515 1559 in
527 1493 696 1579 tempore,'
709 1495 732 1558 i.
741 1514 770 1558 e.
780 1501 985 1579 opportune:
998 1514 1062 1561 noe
1075 1496 1148 1561 sine
1162 1514 1248 1579 prte-

140 1597 313 1678 positione
329 1597 473 1663 dicimus
495 1596 692 1682 ‘tempore’
716 1592 921 1680 ‘temporl'’

491 1813 525 1864 Α.
537 1812 570 1864 U.
582 1812 613 1863 C.
625 1814 682 1863 789.
715 1810 849 1876 Propertii
859 1816 901 1863 ⁸8.

423 1892 463 1943 Μ.
473 1895 575 1945 Drusus
586 1893 661 1945 libo.
694 1894 726 1944 L.
737 1893 893 1959 Calpurnius
904 1892 973 1944 Piso.

188 2008 349 2093 Cyziceni
369 1994 556 2074 libertatem
572 2010 618 2075 ab
632 2007 792 2092 Augusto
804 2006 849 2075 A.
865 2006 909 2073 U.
923 2007 998 2073 734.
1018 2008 1185 2073 ademtam
1199 2030 1249 2074 re-
1344 2020 1347 2029 '

140 2116 319 2195 cuperant.
363 2111 528 2177 Sicambri
545 2112 737 2196 Augustum
756 2111 960 2201 compositis
980 2115 1179 2176 venerantur
1197 2130 1250 2175 ar·

141 2214 223 2292 mis,
245 2212 347 2278 sicuti
373 2211 545 2287 Horatius,
560 2214 650 2277 canit
673 2212 713 2279 G.
732 2228 783 2276 ιν.
799 2214 853 2276 14.
875 2210 930 2276 tin.
953 2211 1029 2277 coll.
1045 2210 1077 2277 2.
1092 2212 1146 2279 36.
1168 2212 1250 2279 dum

14 2344 16 2357 ·
143 2332 193 2379 sc.
222 2312 393 2398 Augusto,
419 2319 498 2398 post
522 2314 655 2380 cladem
676 2314 877 2392 Lollianam,
898 2310 995 2400 (queo
1016 2332 1083 2379 sec.
1106 2315 1250 2379 Dionem

143 2420 178 2482 iu
205 2435 330 2484 annum
358 2417 502 2501 prmced.
527 2416 602 2482 738.
626 2412 774 2499 incidit)
796 2415 955 2481 Varianae
976 2415 1250 2500 comparandam,

144 2539 215 2586 sec.
231 2519 323 2586 Suet.
337 2516 460 2584 Octuv.
475 2518 528 2584 23.
552 2518 734 2584 exercitum
757 2523 881 2581 contra
903 2515 981 2582 illos
996 2516 1193 2596 adducente,
1215 2521 1251 2582 in

144 2639 228 2688 suas
256 2619 399 2704 regressi
422 2625 540 2697 terres,
570 2619 747 2685 obsidibus
772 2617 873 2695 datis,
897 2636 1017 2702 pacem
1042 2627 1250 2701 acceperunt.

144 2721 228 2788 Vid.
244 2739 321 2806 quar
335 2723 370 2786 in
385 2719 470 2786 hanc
480 2741 549 2786 rem
560 2721 744 2805 disputavit
756 2719 781 2784 J
783 2740 814 2784 o.
826 2717 1011 2784 Massones
1031 2724 1101 2782 tam
1119 2720 1155 2782 in
1168 2719 1252 2784 Vita

146 2821 250 2890 ovid.
274 2824 319 2888 ad
344 2821 377 2886 b.
393 2841 424 2887 a.
449 2841 550 2905 quam
573 2821 608 2884 in
632 2821 716 2887 Vita
731 2819 857 2886 Horat.
880 2839 915 2904 p.
928 2819 1004 2884 319.
1018 2825 1052 2884 et
1072 2819 1150 2884 343.
1175 2839 1250 2906 sqq.

147 2925 267 3008 Hujus
291 2924 401 3009 ipsius
425 2924 473 2988 rei
498 2923 648 2987 meminit
669 2939 807 3006 quoque
831 2921 1025 3004 Propertius
1047 2919 1172 2987 celebri
1193 2923 1253 2989 illa

148 3025 245 3110 Eleg.
260 3026 292 3092 6.
308 3025 384 3092 libri
400 3040 449 3089 ιν.
472 3043 551 3108 quae
576 3021 661 3088 adeo
684 3023 903 3088 novissimam
927 3023 1076 3088 continet
1092 3028 1252 3109 temporis

146 3137 260 3196 notam
274 3129 310 3194 iu
324 3127 490 3213 Propertii
506 3126 729 3205 Carminibus,
751 3135 790 3190 ot
811 3127 985 3210 probabile
1007 3127 1053 3192 sit
1070 3126 1157 3194 banc
1173 3127 1252 3194 Ele·

147 3230 307 3318 giamvel
320 3228 385 3296 boc
409 3229 488 3314 ipso
511 3247 609 3307 anno,
631 3229 685 3293 vel
708 3230 770 3294 sub
796 3229 895 3295 finem
919 3229 1141 3313 precedentis
1165 3231 1254 3307 anni,

148 3353 260 3400 mense
276 3331 447 3418 Septemb.
463 3333 623 3415 scriptam
638 3351 726 3411 esse,
750 3351 819 3417 quo
830 3338 982 3416 tempore
994 3333 1151 3397 nimirum
1166 3331 1254 3397 Ludi

149 3436 426 3526 quinquennales,
447 3436 491 3499 ab
505 3433 661 3518 Augusto
675 3437 709 3500 in
723 3435 918 3502 memoriam
931 3433 1088 3501 Actiacae
1102 3435 1253 3502 victorias

150 3537 303 3616 instituti,
325 3535 487 3602 celebrati
503 3535 595 3600 fuere
610 3556 678 3601 sec.
693 3537 797 3603 Dion.
815 3553 894 3602 ων.
937 3537 1030 3602 Nam
1045 3539 1156 3619 potuit
1170 3537 1255 3602 Pro·

149 3639 280 3724 pertine
293 3645 457 3722 tanquam
468 3645 564 3704 vates
577 3639 679 3704 etiam
693 3638 736 3704 de
749 3660 786 3706 re
800 3647 892 3705 certo
907 3646 1041 3724 sperate
1053 3645 1090 3704 et
1103 3639 1254 3723 proxime
1268 3631 1271 3636 ’

150 3741 409 3808 snturacanere:
434 3736 520 3805 ‘ille
531 3739 715 3824 paludosos
724 3746 885 3806 memoret
894 3741 1019 3806 servire
1030 3739 1224 3806 Sicambros
1235 3741 1254 3806 τ’

152 3857 204 3908 ιν.
218 3845 251 3909 6.
266 3843 321 3914 77.
365 3842 411 3908 Et
422 3839 558 3906 videtur
572 3859 655 3905 sane
669 3839 744 3906 brec
759 3841 878 3926 Eleffle
891 3843 925 3907 in
938 3843 997 3908 illa
1011 3841 1205 3908 celebritate
1219 3844 1255 3908 in

152 3942 314 4014 bonorem
336 3941 482 4026 Augusti
505 3943 631 4026 scripta
654 3959 730 4006 esse
744 3943 788 4008 ab
802 3943 941 4010 Aurelio
955 3949 1096 4023 nostro,
1116 3950 1153 4009 ut
1167 3944 1254 4012 adeo

153 4047 208 4112 rel
218 4045 294 4112 base
309 4052 408 4110 sexta
421 4045 478 4110 vel
491 4043 667 4108 undecima
680 4041 757 4108 libri
768 4047 877 4128 quarti
891 4065 955 4130 pro
965 4045 1161 4124 novissima,
1175 4065 1253 4131 quar

152 4165 195 4212 ex
218 4147 349 4228 ingenio
371 4146 542 4230 Propertii
562 4143 713 4222 fluxerit,
734 4143 888 4211 habenda
901 4147 956 4210 sit.
1000 4145 1094 4211 Nam
1115 4147 1254 4232 reliquae

153 4265 278 4324 omnes,
299 4266 384 4330 quas
399 4248 454 4312 ille
476 4247 625 4312 continet
639 4247 732 4324 liber,
754 4247 845 4311 baud
867 4247 968 4314 dubie
983 4249 1027 4314 ab
1048 4249 1157 4313 amico
1170 4269 1254 4332 quo·

219 4365 309 4430 Delpi.
319 4369 342 4414 rt
358 4363 415 4414 Ver.
428 4365 491 4414 cler.
665 4364 777 4429 Propo-t.
1161 4365 1188 4412 D
