3034 4775
269 360 314 433 22
720 375 926 427 snnss'no.

268 524 344 595 eod.
361 519 589 607 Neapolitano
604 518 713 587 afferri
725 525 832 600 notet,
843 518 880 585 id
893 519 1007 605 ipsum
1020 536 1075 585 me
1087 516 1123 585 in
1135 523 1250 587 nostre
1264 520 1370 589 Geel.
1516 498 1517 507 ‘

263 628 438 711 ierbyteno
454 622 575 705 legisse
589 619 754 705 profiteor.

307 726 459 792 Tertium
482 723 598 789 locum
620 721 699 806 jure
726 720 875 788 vindicat
895 720 963 787 sibi
985 719 1098 787 codex
1124 718 1368 804 Mentelianns,

265 828 551 903 membranaceus,
570 824 605 889 in
631 822 733 889 italis
750 829 924 902 exaratus,
947 822 1045 906 cnjus
1066 822 1265 888 varietatem
1278 824 1367 891 Bur·
1515 891 1516 914 ἶ

264 946 407 997 mannus
422 928 476 993 bis
492 946 514 993 e
528 940 566 993 se
585 924 667 1010 poni
679 943 748 991 non
762 924 1007 1002 animadvertit,
1023 922 1220 989 Mentetiani
1233 925 1368 993 nemine
1515 923 1516 926 ’

264 1050 287 1095 e
303 1030 349 1096 N.
367 1028 514 1095 Heinsio
526 1028 653 1105 collati,
668 1033 704 1093 et
718 1026 895 1094 [sidensis
905 1026 1005 1110 psimi
1016 1045 1039 1091 a
1053 1024 1093 1091 1².
1109 1024 1366 1111 Oudendorpic:

263 1148 455 1215 quanquam
469 1128 556 1194 hunc
568 1127 765 1194 leidensem
777 1127 812 1196 J.
826 1127 977 1194 Mentelii
997 1126 1080 1192 olim
1096 1125 1215 1204 fnisse,
1229 1123 1367 1211 nequid

263 1231 407 1308 dubites,
418 1230 493 1313 ipse
503 1234 616 1295 narret
626 1228 772 1295 ini’rset'.
785 1227 947 1295 Sentenii.
966 1226 1090 1311 Neque
1104 1227 1192 1293 alins
1205 1228 1365 1295 Francis·

261 1352 326 1397 nus
340 1330 509 1398 secundus
524 1336 589 1411 est,
604 1349 627 1396 a
640 1314 860 1396 Brcnkhnsio
880 1328 1063 1406 adhibitus,
1077 1328 1139 1411 qui
1152 1333 1189 1397 et
1202 1332 1213 1363 ‘
1226 1348 1366 1395 suom

263 1431 422 1499 sltemm’
435 1431 595 1517 appellat,
619 1450 641 1497 c
661 1430 873 1499 Menteliano
896 1451 965 1497 non
988 1430 1159 1499 divetsnm
1178 1449 1367 1514 sgnoscem

261 1534 308 1601 sd
321 1554 357 1618 p.
371 1532 449 1601 238.
493 1532 650 1600 Ceterum
672 1532 734 1598 ille
758 1550 814 1599 res
836 1533 1064 1599 Burmannnm
1082 1530 1255 1615 Propertii
1272 1532 1365 1599 bono

259 1636 366 1712 leniit,
381 1634 652 1721 qnandoquidem
674 1653 775 1713 nnnc,
797 1654 876 1701 cnm
896 1634 1009 1700 codex
1023 1639 1073 1699 ter
1086 1632 1231 1699 collatus
1244 1635 1301 1712 eit,
1322 1634 1367 1701 de

259 1736 334 1819 ejus
355 1736 448 1802 lectt.
468 1736 578 1801 minus
599 1734 752 1802 dubitare
777 1755 971 1821 possumne,
993 1753 1187 1820 qnanqnam
1211 1734 1365 1819 singulos

259 1837 442 1905 oscitantia
452 1835 582 1920 soepins
595 1856 725 1903 errasse
743 1837 1107 1922 nnncsetisapparent.
1143 1836 1215 1903 Hic
1232 1836 1364 1905 Mente·

258 1939 379 2018 lienus,
395 1937 534 2005 Heinsii
542 1936 673 2023 judicio
687 1942 833 2007 omnium
854 1940 1015 2005 librorum
1030 1938 1115 2003 Mes.
1130 1939 1290 2023 optimus,
1303 1942 1363 2024 qni

259 2038 475 2105 Bronkhnsio
496 2058 572 2104 eam
596 2044 745 2118 semtem,
766 2038 823 2106 cni
847 2039 1114 2124 Neapolitanum
1128 2040 1362 2126 ascripsimus,

258 2140 357 2207 facile
371 2139 532 2206 excedens
554 2138 696 2220 videtur,
718 2149 775 2208 est
786 2160 868 2208 sane
880 2142 991 2207 bonos
1004 2142 1128 2220 codex,
1148 2147 1298 2209 cetemm
1316 2144 1362 2210 ab

257 2241 417 2326 imperito
430 2241 569 2309 librario
582 2242 874 2327 negligentissime
888 2244 1046 2329 scriptus.

302 2342 401 2410 Idem
414 2342 609 2429 judicamus
623 2343 668 2412 de
689 2346 858 2414 Palatinis
880 2346 1023 2426 dnobus,
1046 2343 1225 2412 chartncee
1240 2345 1361 2428 dteso,

256 2445 712 2526 ceremonensem
734 2448 770 2515 J.
783 2447 964 2516 Gebhndo
985 2446 1137 2530 cellatis;
1160 2467 1259 2533 qnos,
1282 2467 1362 2516 cnm

257 2545 452 2631 interpolati
485 2563 552 2613 non
580 2546 661 2628 sint,
691 2549 853 2629 omnium,
883 2548 944 2636 qni
968 2553 1101 2628 extant,
1125 2548 1363 2618 vitiosissimos

256 2647 414 2726 dicerem,
435 2647 503 2714 nisi
525 2649 599 2734 pssi
623 2651 702 2717 loco
725 2650 794 2717 dno
818 2650 879 2717 alii
900 2648 1047 2716 habendi
1075 2655 1197 2729 essent,
1219 2670 1360 2735 qnorum

254 2749 448 2816 varietatem
470 2749 505 2814 J.
529 2747 570 2815 A„
589 2748 739 2836 Vulpins
760 2751 872 2817 minus
896 2756 1057 2816 accurate
1088 2751 1249 2829 enotavit,
1274 2751 1360 2818 niter

255 2848 481 2920 Bononiensis
503 2850 712 2930 chartaceus,
735 2850 989 2918 Gnnrnerianns
1008 2848 1095 2918 alter
1107 2851 1144 2920 in
1164 2852 1359 2920 membrana

254 2951 383 3016 soeculo
398 2966 465 3016 xv.
479 2952 724 3035 elegantissime
740 2953 903 3038 scriptus.

297 3051 428 3118 Praeter
441 3057 570 3137 septem
584 3053 700 3133 hosce,
712 3054 797 3120 nihil
811 3055 893 3121 mali
908 3076 932 3123 a
949 3064 1175 3126 correctorum
1190 3055 1358 3122 italorum

253 3153 443 3222 temeritate
456 3171 591 3238 pessos,
610 3175 699 3222 unus
726 3165 1004 3226 commemoretur
1025 3155 1225 3225 Bernasdini
1243 3156 1358 3224 Velim

249 3255 337 3320 iiber
365 3255 624 3340 antiquissimus,
653 3257 750 3341 cnjus
776 3261 963 3346 scripturas
990 3279 1121 3339 omnes,
1149 3278 1237 3346 qnae
1264 3277 1287 3326 a
1315 3257 1357 3324 1².

254 3354 383 3426 Puccio
398 3374 487 3422 nnnc
501 3357 598 3425 1502.
620 3365 797 3428 amotatas
809 3363 958 3444 haberet,
973 3363 1006 3430 si
1019 3363 1224 3431 laurentius
1237 3361 1358 3427 Ssnte·

252 3457 332 3526 uine
355 3476 521 3541 oppenere
543 3459 714 3542 voluisset,
732 3461 823 3530 haud
844 3465 948 3549 panio
971 3466 1109 3544 rectius,
1129 3463 1165 3529 ni
1182 3461 1295 3542 fallor,
1312 3461 1357 3530 de

252 3560 430 3626 multarum
450 3559 542 3626 lectt.
564 3561 655 3628 sonte
675 3569 710 3629 ct
730 3565 860 3650 origine
868 3564 1023 3649 judicare
1035 3583 1230 3650 possemns;
1252 3582 1358 3650 qnen·

252 3679 354 3744 quam
368 3659 522 3726 contione
543 3663 597 3732 vel
618 3663 655 3728 in
678 3664 733 3730 his
754 3663 797 3730 Ρ.
813 3665 936 3732 Pnccii
950 3664 1132 3753 Excerptis
1155 3663 1357 3732 adhibendis

251 3782 339 3848 opns
352 3763 432 3846 erit;
454 3783 553 3849 quem
574 3766 681 3832 multe
702 3765 745 3832 de
768 3766 964 3852 conjectura
981 3787 1060 3834 cnm
1075 3787 1140 3834 sne
1161 3771 1233 3832 tum
1246 3764 1356 3832 aliene

249 3866 445 3948 reposuisse
461 3885 529 3932 non
541 3866 708 3950 suspicor,
724 3867 785 3932 sod
799 3873 887 3936 cesto
902 3870 986 3936 scio.
1009 3868 1123 3949 Nunc,
1139 3887 1218 3934 cnm
1233 3866 1356 3933 Pnocii

251 3985 357 4050 opere
378 3967 476 4035 nobis
495 3967 674 4032 ostendum
694 3974 795 4049 esset,
816 3971 880 4050 his,
898 3989 977 4055 qnae
1000 3989 1048 4036 ex
1070 3968 1116 4034 A.
1133 3968 1261 4034 Perreii
1284 3967 1356 4033 Ex·

251 4067 377 4151 cespite
401 4075 570 4145 notantur,
598 4067 652 4134 usi
681 4087 812 4151 snmus,
839 4077 939 4136 ceute
969 4081 1094 4147 tamen,
1121 4087 1199 4136 cum
1228 4073 1354 4151 preter

251 4163 369 4238 Pucoii
390 4169 511 4238 librum
532 4169 619 4238 alios
641 4187 778 4258 quoqne
792 4191 920 4259 eosque
932 4191 1000 4238 non
1014 4169 1132 4239 ieviter
1153 4169 1283 4256 possim
1303 4168 1354 4234 in·
