3034 4775
598 358 808 407 rrmrarro.
1150 320 1153 325 ¹
1237 344 1260 407 7
1339 372 1343 378 ·

162 504 342 597 Tomentii,
366 502 530 586 Antverp.
553 502 669 585 Epiro.
692 520 738 565 ex
759 518 875 566 sorore
888 518 1008 584 nepos,
1027 501 1210 567 canonieus
1225 510 1262 567 et

164 604 446 673 cantoreeolesiee
462 604 632 687 ejusdem3
646 608 797 669 mortuus
811 602 855 667 Α.
870 601 911 667 G.
930 602 1026 667 1599.
1071 602 1141 667 Hie
1161 604 1262 686 igiter
1297 661 1301 667 .

163 709 379 793 Propertium
393 706 723 772 eontulitnonsolum
733 725 812 769 curn
820 704 957 788 scripto,
968 704 1027 788 qni
1041 704 1077 769 in
1091 703 1263 770 Vatioano

163 812 369 887 servabatur,
398 809 459 874 sed
490 810 593 897 etiam
624 826 701 873 oum
730 808 789 873 Jo.
812 806 942 871 Posthii
963 806 1049 872 libro
1075 806 1143 871 Ms.
1164 825 1263 889 quem

162 912 197 976 is
211 911 411 976 aSambuoo
427 910 714 993 donoacoeperat.
759 908 1176 989 SnooessitPasseratins;
1205 908 1264 991 qni

163 1012 255 1078 lrand
270 1012 370 1077 dubie
385 1014 415 1078 is
429 1019 490 1090 est,
504 1014 600 1097 cujus
618 1013 723 1077 vastis
738 1018 773 1079 et
793 1010 926 1076 diffusae
939 1011 1094 1076 lectionis
1108 1010 1265 1075 eruditio·

163 1115 284 1197 nisque
298 1112 406 1197 plenis
421 1114 664 1179 commentariis
679 1114 861 1197 plurimum
886 1113 985 1177 debet
1007 1119 1122 1177 noster
1136 1110 1265 1190 Polita3

164 1224 199 1283 et
212 1238 233 1281 e
247 1218 345 1301 enjus
368 1216 460 1283 sonte
483 1218 619 1301 perenni
642 1218 787 1282 insecuti
811 1222 1089 1282 commentatores
1110 1223 1150 1280 nt
1164 1218 1267 1304 pluri-

82 1334 87 1339 ·
164 1338 258 1383 mum
280 1319 409 1383 rivulos
434 1336 514 1383 suos
537 1318 755 1395 deduxerunt,
778 1320 902 1402 quibus
922 1318 1071 1384 hortulos
1097 1319 1268 1400 irrigarent

167 1438 262 1485 suus.
304 1420 388 1485 lure
400 1420 586 1502 meritoque
602 1418 750 1501 Vulpins
765 1418 808 1483 ad
833 1419 937 1502 Prop.
964 1436 1002 1485 rr.
1025 1420 1121 1503 Eleg.
1143 1420 1266 1486 3216.

167 1520 293 1600 ‘Quid
306 1520 412 1603 rogo,'
427 1522 550 1604 inquit,
576 1525 659 1583 ‘non
676 1519 761 1585 vidit
775 1519 999 1598 Passeratius,
1012 1520 1113 1586 homo
1126 1522 1267 1588 infinitae

165 1622 334 1700 lectionis,
357 1622 417 1704 qni
445 1619 634 1685 admirabili
659 1621 833 1697 memoria,
863 1620 1039 1702 diligentia
1065 1620 1267 1702 incredibili,

166 1725 296 1807 optimo
324 1724 519 1807 plerumque
546 1720 676 1805 judicio
713 1721 756 1785 ad
787 1722 997 1805 Propertium
1027 1722 1269 1806 explicandum

169 1840 347 1907 aggressus
360 1824 433 1889 esti
448 1842 492 1889 ex
506 1822 604 1907 cnjus
619 1822 783 1887 thesauris
795 1822 1083 1910 locupletissimis,
1091 1824 1152 1905 qui
1161 1825 1270 1889 secuti

168 1932 292 2007 postea
307 1930 395 2003 suut,
412 1924 655 2009 supellectilem
677 1942 774 1988 suam
789 1930 972 2004 auxerunt3
1000 1930 1037 1988 et
1059 1924 1128 2006 ipsi
1150 1924 1269 1991 lauda·

169 2026 270 2103 biles,
294 2027 360 2091 nisi
381 2024 547 2091 interdum
568 2026 665 2090 lateri
687 2025 828 2103 nollent,
850 2044 909 2109 per
931 2044 1031 2109 quem
1045 2026 1271 2110 profecerint!

170 2126 389 2193 Passeratius
412 2146 504 2212 saepe
533 2126 577 2191 ad
606 2132 736 2193 ueteres
762 2127 866 2192 libros
889 2126 1037 2210 scriptos
1062 2128 1270 2212 provocavit,

169 2247 281 2311 neque
295 2237 416 2308 tamen,
438 2230 523 2294 vitio
543 2228 677 2301 illorum
700 2235 901 2313 temporum,
922 2230 1001 2294 illos
1026 2237 1183 2297 accurate
1211 2232 1271 2295 de·

170 2330 330 2413 scripsit3
345 2331 434 2397 unde
449 2330 684 2398 Broukhnsius
699 2331 741 2397 de
757 2330 825 2398 tide
840 2332 930 2397 illins
944 2332 1111 2398 dubitavit
1122 2332 1271 2418 aliqnan-

173 2431 290 2508 do,.ad
309 2450 331 2496 ι.
357 2433 410 2500 El.
426 2434 479 2498 16.
493 2435 547 2500 38.
571 2435 704 2519 injuria,
721 2441 762 2499 ut
785 2435 926 2513 videtur,
951 2452 1028 2500 eum
1051 2435 1110 2500 alii
1135 2435 1272 2499 easdem

170 2532 337 2597 interdum
351 2535 529 2600 lectionum
547 2536 723 2600 varietates
734 2537 770 2600 in
782 2537 859 2601 aliis
873 2535 1152 2619 deprehenderint
1164 2535 1271 2599 libris.

173 2633 373 2703 Nominarit
385 2645 495 2703 tamen
509 2639 610 2702 etiam
626 2636 701 2703 cod.
718 2637 968 2702 Memmiannm.
1010 2634 1152 2701 Cautius
1171 2636 1273 2718 igitur

174 2757 230 2803 res
243 2757 324 2804 snas
339 2741 493 2817 instituit,
515 2741 573 2824 qui
591 2740 665 2823 jam
684 2739 919 2824 producendus
933 2745 985 2803 est
997 2737 1107 2817 lanus
1120 2735 1273 2803 Gebhan

174 2839 240 2904 des
252 2860 262 2919 ;
276 2839 333 2904 oui
356 2839 588 2904 Broulrhusins
609 2841 756 2922 iniquior
777 2839 976 2923 plerumque
993 2845 1068 2915 est‚¹
1092 2845 1273 2922 propterea

175 2939 267 3023 quod
280 2938 444 3003 interdum
460 2959 480 3002 e
495 2939 594 3004 codd.
609 2938 788 3023 Propertio
800 2939 963 3004 lectiones
981 2955 1129 3003 asserere
1150 2941 1274 3020 studet,

176 3061 256 3125 qnae
272 3040 417 3124 eleganti
430 3040 520 3105 illins
535 3039 668 3123 iugenio
681 3061 748 3106 nou
763 3042 984 3106 conveniunt:
1007 3041 1100 3124 quod
1114 3043 1274 3125 quemad-

175 3141 312 3208 modum
338 3143 452 3224 negari
479 3161 546 3207 non
576 3151 700 3228 potest,
723 3144 775 3209 ite
796 3163 858 3208 neo
881 3143 982 3209 laude
1005 3163 1069 3209 sua
1091 3145 1274 3229 privandus

175 3245 276 3311 nobis
290 3244 419 3310 videtur
432 3243 645 3324 Gebhardus,
661 3245 756 3330 eujus
769 3247 928 3328 integram
942 3265 1097 3325 messem,
1111 3265 1131 3309 e
1146 3245 1274 3312 Palati·
1329 3247 1333 3254 '

176 3346 231 3410 nis
253 3346 400 3430 aliisque
425 3346 521 3411 codd.
550 3355 756 3427 congestam,
776 3347 812 3411 in
835 3365 932 3411 suurn
948 3347 1087 3412 contulit
1098 3347 1275 3412 utilitatem

178 3446 424 3528 Brouklrnsius,
448 3455 481 3515 et
507 3450 566 3531 qui
585 3447 746 3532 pre'aterea
759 3449 862 3514 variis
876 3449 984 3531 iisqne
998 3448 1203 3530 elegantibus
1215 3449 1276 3512 ob·

178 3548 422 3614 servationibus
435 3550 559 3615 multus
575 3549 743 3633 Propertii
757 3549 853 3614 loeos
868 3555 924 3615 sat
933 3549 1117 3615 luculenter
1130 3548 1276 3614 illustra·

673 3730 781 3784 NOTAE

211 3849 222 3877 ¹
240 3845 284 3896 Sle
292 3842 408 3895 Bronklr.
420 3842 452 3894 ad
464 3856 495 3893 u.
506 3849 530 3892 9.
547 3848 585 3894 lt.
596 3843 629 3892 de
638 3843 709 3894 Gelu·
748 3842 777 3894 bi
796 3855 868 3906 reru,
886 3843 928 3892 rel
946 3841 979 3892 de
996 3841 1087 3902 silvio,
1106 3843 1146 3891 rel
1165 3842 1278 3892 Marolto

179 3920 275 3971 harde:
296 3919 424 3970 ‘Utiuam
446 3919 589 3968 istiusmodi
606 3918 709 3980 ingenia
748 3919 857 3982 interpr·
877 3917 949 3968 Gall.
969 3917 1100 3980 Propertii
1122 3917 1174 3966 ait:
1190 3918 1278 3967 ‘Grn-

179 3993 613 4058 ammuntmgueumrspottu
623 3993 639 4041 t'
655 3987 724 4044 Ne?
749 3997 822 4046 enine
838 3995 883 4045 ille
894 3995 1029 4044 Parisinus
1046 3993 1090 4057 qni
1107 3993 1182 4043 nobis
1194 4009 1279 4060 nuper

180 4087 305 4138 querere
320 4071 461 4134 idmirum,
479 4073 710 4122 eumetPusera·
749 4071 917 4134 Propertium
933 4069 1104 4120 manarit!
1145 4071 1185 4122 lin
1203 4073 1279 4123 urba·

182 4147 246 4199 tium
255 4162 325 4213 supe
335 4161 426 4211 parom
444 4143 596 4197 reverenter
606 4147 710 4211 habeat,
749 4147 840 4197 uitatis
852 4146 995 4196 vernaoala
1007 4143 1122 4197 fontem!

184 4239 200 4272 a
211 4237 261 4287 quo
272 4229 357 4272 tamen
369 4219 506 4286 plurimum
520 4220 638 4285 proiecit
654 4221 709 4272 Ati·
