3034 4775
490 382 563 439 reu
587 382 714 435 ruuos
738 380 914 435 orousrs.
1205 370 1249 437 u

144 528 321 619 Propertii
334 534 483 597 mortuus
503 530 548 597 sit
567 548 707 596 neeesse
724 536 787 597 est.
831 526 991 613 Vulguris
1009 534 1090 614 port
1113 527 1154 596 P.
1173 528 1249 596 cri-

142 637 254 701 nitum
280 633 456 712 sententio,
483 650 585 717 quum
607 637 642 697 et
666 630 876 697 Muittuirius
899 636 935 697 et
955 629 1108 711 Orosius,
1132 630 1248 718 Angli,

142 743 346 820 sequrmtur,
369 734 445 814 sert,
467 752 554 813 eum,
578 733 619 800 1..
642 732 832 799 Antonium
845 740 1007 813 secutum,
1030 735 1065 799 iu
1087 734 1251 801 Perusino

141 837 245 905 elude
259 838 442 915 interiisse,
465 842 501 903 et
514 836 558 903 od
572 854 666 903 orum
681 836 765 902 Divi
777 836 956 901 Juliioum
979 834 1056 901 eliis
1078 836 1250 921 equitibus

140 956 185 1005 eo
199 939 418 1005 senatoribus
439 937 648 1035 lmmqlotum
671 936 788 1003 fuisse.
831 936 1013 1003 Enimvero
1035 937 1127 1003 houd
1147 938 1250 1005 dubio

139 1038 225 1106 lulsi
240 1047 330 1119 suut,
350 1038 608 1124 huuo‘mplexi
628 1036 834 1123 opinionem.
878 1038 1036 1126 Namque
1052 1056 1106 1105 ιν.
1122 1040 1154 1105 l.
1173 1039 1250 1105 ruo.

139 1144 151 1175 ⁴
163 1142 302 1227 pertico
316 1138 443 1219 uisus:
456 1160 532 1226 quoe
543 1142 576 1205 iu
590 1139 635 1207 A.
644 1139 689 1206 U.
702 1140 780 1207 713.
791 1140 919 1217 incidit,
927 1140 1140 1226 subjungitur
1147 1142 1248 1207 morti

140 1244 253 1327 putris
265 1243 371 1328 Prop.
385 1260 462 1307 oum
475 1241 642 1308 Perusluu
657 1242 785 1308 deditio
797 1242 834 1307 iu
848 1241 894 1309 A.
905 1242 952 1309 U.
963 1248 1157 1328 sequentem
1170 1242 1248 1310 711.

141 1343 282 1409 domum
306 1340 443 1411 inuidet·
487 1341 613 1427 Neque
637 1341 746 1409 Pseu
761 1343 842 1410 *hese
863 1349 1014 1429 tempora
1036 1344 1191 1429 Augusto
1212 1345 1250 1410 iu

141 1444 344 1511 memoriam
370 1449 589 1510 revocaturus
612 1444 719 1509 tuisse
742 1446 889 1512 videtur.
941 1445 1083 1513 Phresis
1107 1465 1250 1532 quoque

141 1550 157 1581 ‘
169 1564 258 1612 osso
270 1544 396 1630 legero’
419 1544 545 1611 iudieet
555 1544 644 1610 houd
658 1546 816 1623 obscure,
830 1550 959 1631 putrem
973 1546 1141 1631 Propertii
1155 1547 1251 1613 domi

140 1650 264 1733 potius
276 1666 349 1713 suos
364 1654 550 1727 mortuum
571 1665 652 1711 uum
666 1664 711 1710 ex
726 1646 864 1713 vulnere
878 1648 915 1712 iu
928 1666 970 1714 eo
986 1649 1072 1714 bello
1088 1656 1246 1735 uooepto,

142 1766 191 1813 un
205 1766 254 1813 ex
268 1746 385 1813 dolore
396 1766 533 1833 quoque
545 1746 588 1811 de
602 1746 694 1811 sumu
708 1764 859 1830 agrorum
872 1747 1037 1815 militibus
1046 1749 1249 1815 distribuen-

141 1848 279 1928 dorum,
306 1850 477 1915 incertum.
536 1848 618 1914 Hoo
641 1848 850 1915 dubitatione
875 1857 976 1932 curet,
1006 1851 1118 1936 polites
1144 1852 1249 1919 nostri

142 1956 285 2017 aetutem
300 1956 370 2015 tum
391 1949 502 2015 adhue
522 1952 672 2016 tenerem
685 1948 806 2030 luisse,
822 1968 901 2016 eum
914 1956 1012 2035 peter
1023 1952 1091 2039 ipsi
1104 1952 1249 2037 eripere·

141 2056 216 2117 tur:
238 2050 309 2119 vid.
323 2052 370 2119 A.
384 2050 430 2117 U.
444 2049 521 2117 714.

494 2196 612 2249 A.U.0.
628 2201 686 2250 ⁷1⁸.
717 2198 853 2265 Propertii
865 2204 905 2252 12

363 2277 398 2329 P.
408 2276 535 2329 Servlliur
545 2277 625 2328 vetio
635 2278 766 2329 lreurlour
776 2280 817 2333 11.
849 2281 1031 2336 LAutoulm.

189 2374 389 2445 Octaviano
412 2374 550 2463 pertico
572 2376 708 2443 metatio
732 2377 835 2443 etiam
849 2378 1030 2465 Propertio
1042 2387 1170 2462 nostro,
1184 2401 1247 2468 pu·

142 2485 194 2547 tre
213 2481 288 2568 jem
301 2480 432 2558 orbato,
456 2479 641 2544 maximum
655 2497 810 2561 agrorum
830 2486 958 2565 purtem
973 2483 1099 2564 aufert3
1121 2504 1189 2569 qus
1202 2485 1247 2552 rie

142 2602 180 2648 re
195 2581 308 2648 Po'e'to
325 2599 375 2647 ιν.
389 2581 422 2645 1.
443 2579 520 2645 129.
536 2599 586 2666 sq.
630 2579 761 2662 ‘Num,
786 2586 848 2646 tue
869 2602 948 2648 oum
966 2577 1063 2650 multi
1077 2591 1258 2652 versarent·

142 2703 223 2750 rura
240 2683 391 2770 juvenci,
414 2682 554 2748 abstulit
576 2681 728 2748 excultus
753 2684 882 2765 pertica
902 2684 1011 2749 tristis
1033 2685 1143 2769 opes!
1193 2685 1247 2750 cf.

144 2783 482 2870 Hoyu.Vit.Virgil.
506 2803 568 2868 per
593 2801 700 2848 anuos
723 2783 1003 2864 digestorium
1047 2785 1247 2853 circahano

143 2890 379 2970 tempestatem
404 2883 561 2948 'libellus
587 2902 654 2948 uon
681 2890 798 2967 potest
825 2905 910 2968 puer
941 2904 1063 2950 uorem
1085 2905 1247 2953 eunorum

144 2987 266 3066 luisse,
277 2986 434 3072 quonium
444 2985 543 3068 longe
556 2983 656 3050 eliter
669 2985 712 3049 de
725 2985 790 3050 heo
803 2986 898 3050 clude
911 2985 1068 3070 loquitur,
1083 3007 1185 3072 quum
1193 2989 1248 3054 vel

146 3083 1249 3172 Noster,inprimis1v.G.1.183—190.‘Nem,milrieummuguis

145 3189 270 3275 opibus
282 3189 403 3254 domus
418 3187 486 3254 ulte
499 3187 630 3268 niteret,
647 3185 713 3252 Cui
727 3187 859 3254 fument
872 3189 953 3255 flevi
967 3189 1115 3256 diteutee
1128 3189 1247 3256 ordine

145 3291 238 3358 sulci
251 3290 397 3370 Horrea,
418 3287 592 3356 foecundus
606 3288 650 3354 ud
670 3287 862 3355 deficientis
874 3309 1017 3372 messes,
1040 3291 1171 3379 Cuique
1184 3309 1247 3378 pe·

145 3413 209 3460 eus
233 3391 338 3458 denso
359 3391 549 3476 poscebant
571 3391 701 3474 ugmiue
722 3391 838 3471 colles,
866 3391 912 3458 Et
935 3390 1071 3460 domiuo
1092 3394 1189 3473 seris,
1213 3399 1249 3462 et

146 3494 285 3562 nimium
307 3493 438 3580 iurique
453 3493 623 3578 lupoque:
646 3490 749 3557 Nunc
764 3492 964 3560 desiderium
978 3502 1147 3580 superest:
1167 3513 1248 3564 num

147 3615 233 3664 eura
258 3601 414 3674 novetur,
439 3593 525 3660 cum
540 3613 667 3660 memor
689 3603 844 3660 erueretur
862 3610 994 3682 semper
1016 3598 1116 3663 dolor
1129 3593 1247 3665 edmo-

147 3703 205 3766 ret
219 3718 333 3763 ouum.-
354 3696 437 3776 Sed,
456 3696 537 3762 lieet
555 3693 728 3778 ueperiors
742 3695 878 3776 cudunt,
893 3697 1082 3783 spolierque
1093 3697 1246 3775 relictis:

148 3805 213 3867 oet.
236 3805 271 3870 et
294 3817 318 3864 1.
331 3799 364 3865 l.
379 3797 522 3866 1u-ez.
544 3796 645 3862 ‘Vos
664 3815 801 3882 quoque
824 3797 933 3863 felicis
955 3800 1135 3885 quondum,
1157 3815 1248 3864 nouo

149 3899 308 3986 pauperis
323 3899 394 3982 egri
407 3895 586 3978 Custodes,
599 3895 695 3963 fertis
709 3916 848 3964 munere
862 3904 984 3979 vestre,
1000 3899 1119 3967 Leros.
1148 3897 1248 3966 'lunc

151 4000 258 4067 vitulo
284 4002 473 4067 innumerus
501 3995 667 4066 lustrabat
694 4017 790 4064 oaesu
808 3998 992 4084 juvencos:
1028 3999 1131 4068 Nuuo
1158 4020 1248 4085 ugus

151 4100 266 4186 exigui
278 4106 329 4167 est
349 4102 464 4169 hostio
486 4119 607 4186 mogus
622 4095 707 4167 solt!
750 4099 888 4186 Ubique
909 4105 1068 4184 tunquam
1089 4102 1248 4168 domiuus

151 4195 185 4270 et
206 4202 461 4289 petertemilios,
484 4203 544 4290 qui
567 4203 642 4287 ipse
664 4219 735 4268 rem
758 4219 856 4270 suum
876 4199 1071 4271 iumiliurem
1090 4211 1186 4272 eurut
1209 4209 1246 4270 et
