3034 4775
502 363 575 413 run
600 361 725 413 runos
749 344 924 413 nicusus.
1217 348 1264 415 29

148 510 337 577 noscimus
359 508 393 573 in
420 506 562 575 Umbria
585 507 685 573 sitem
707 506 813 571 tuisse
838 506 981 590 patrium
1003 506 1078 591 ejus
1099 526 1205 587 oram,
1229 516 1264 576 et

148 613 299 697 quidem
315 611 374 676 nbi
392 610 557 675 nebulosa
579 629 665 676 cavo
684 617 772 675 rorat
786 608 950 674 Mevania
963 627 1084 695 campo
1096 609 1187 694 (saxo
1201 631 1263 695 pro

148 735 271 799 campo
295 713 377 797 legit
396 712 537 778 Cresius
560 713 583 776 l.
608 732 639 779 c.
662 730 731 795 qna
751 711 963 788 auctoritate,
984 717 1043 776 aut
1065 730 1135 795 quo
1150 731 1263 791 sensu,

146 815 319 900 equidem
338 834 406 879 non
429 814 591 879 dixerim:
614 833 756 898 namque
770 814 808 877 in
820 813 905 878 meis
919 813 1013 877 libris
1024 813 1149 879 nullam
1164 814 1264 897 plane

147 917 366 1002 deprehendi
382 914 602 1001 varietatem).
621 970 625 975 .
646 916 735 981 Haec
756 917 845 980 enim
870 920 956 980 sunt
968 916 1071 980 verba
1090 915 1264 999 Astrologi

147 1017 198 1083 ad
215 1002 435 1102 Propertium
449 1017 541 1103 (coll.
554 1038 606 1084 ve.
620 1017 674 1083 71.
689 1022 724 1082 ct
736 1013 827 1100 7⁷.):
861 1015 1028 1081 ‘Umbria
1045 1022 1078 1082 te
1099 1018 1190 1082 notis
1205 1035 1263 1082 an·

147 1120 257 1205 tiqna
273 1122 451 1204 penatibus
465 1120 544 1187 edit.
562 1121 733 1186 Mentiort
741 1174 747 1182 .
756 1138 802 1183 an
811 1120 932 1203 patrie
945 1119 1093 1201 tangitur
1102 1138 1161 1183 ora
1173 1122 1263 1185 tuaer
1286 1155 1291 1163 ·

150 1220 242 1300 Qua
257 1224 425 1288 nebulosa
438 1242 524 1289 cavo
539 1226 630 1288 rorat
644 1222 805 1287 Mevania
818 1239 953 1304 campo,
969 1220 1013 1285 Et
1025 1220 1122 1286 lacus
1135 1223 1264 1287 aestivis

120 1320 121 1325 ’
149 1324 297 1408 intepet
306 1324 434 1390 Umber
446 1327 557 1408 aquis,
571 1325 841 1407 scandentisque
856 1323 943 1387 arcis
956 1324 1125 1403 consurgit
1138 1324 1264 1389 vertice
1344 1325 1347 1329 ’

149 1444 289 1503 murus,
313 1424 438 1490 Murus
458 1427 502 1491 ab
524 1426 656 1508 ingenio
677 1426 789 1490 notior
801 1424 862 1488 ille
877 1423 955 1487 tuo!
1000 1422 1091 1489 Haec
1104 1426 1218 1490 omnia
1233 1426 1264 1489 si

149 1534 255 1591 reete
269 1528 478 1608 pensitamus
497 1526 584 1603 loce,
606 1526 714 1608 patria
736 1523 908 1605 Propertii
932 1542 998 1587 non
1022 1525 1083 1588 erit
1104 1525 1265 1591 Mevania

150 1626 252 1711 ipsa,
266 1646 343 1710 quae
358 1633 411 1691 est
431 1626 647 1712 plurimorum
667 1626 781 1709 [etiam
802 1623 969 1689 Tonentii
986 1623 1030 1689 ad
1046 1624 1141 1691 Suet.
1155 1627 1263 1712 Galig.

151 1726 245 1806 43.]‚
260 1733 296 1792 et
310 1728 417 1793 inhia
441 1734 585 1813 quoqne
597 1726 805 1793 Broukhnsii
826 1726 957 1809 opinio,
980 1727 1039 1791 sed
1053 1729 1167 1810 potius
1182 1731 1264 1796 urbs

152 1830 194 1895 in
217 1829 346 1895 vicinio.
367 1828 536 1894 Mevauiae
556 1831 635 1905 situ,
659 1829 749 1913 quod
772 1830 911 1910 agnouit
933 1830 1036 1893 etiam
1058 1828 1136 1894 Chr.
1159 1830 1264 1895 Henr.

154 1931 359 1998 Schmidius
381 1931 424 1996 ad
440 1931 553 1997 Crusii
567 1930 640 1997 vit.
661 1929 757 1996 Puer.
779 1929 882 1995 Rom.
905 1931 948 1997 T.
965 1948 989 1995 1.
1010 1951 1043 2014 p.
1058 1930 1135 1996 100.
1150 1950 1184 1995 ιι.
1200 1931 1263 2017 ο.);

155 2033 268 2099 sicuti
282 2051 344 2097 nec
355 2032 454 2097 lacus
469 2032 596 2097 Umber
608 2032 681 2117 ejus
694 2031 805 2115 patria
815 2037 880 2109 est,
892 2032 974 2097 licet
985 2032 1020 2096 in
1034 2032 1125 2097 illius
1140 2035 1266 2100 vicinia

155 2132 366 2219 qnaerondus
381 2133 435 2199 sit.
478 2133 646 2212 Accedit,'
659 2132 753 2216 quod
776 2132 939 2199 Mevania
959 2132 1040 2197 urbs
1063 2132 1099 2197 in
1121 2134 1263 2217 planitie

127 2314 129 2319 ,
155 2237 232 2302 sita
253 2242 318 2312 est,
344 2254 412 2300 non
434 2254 526 2313 vero,
548 2241 589 2300 ut
611 2234 778 2317 Propertii
801 2236 924 2317 patria,
946 2235 983 2299 in
1004 2236 1098 2300 colle.
1143 2236 1266 2321 Neque

155 2356 245 2404 vero
267 2336 346 2421 ipsa
365 2336 447 2402 urbs
468 2354 581 2401 rorare
598 2334 733 2413 dicitur,
748 2334 810 2400 sod
825 2334 984 2402 Mevania
995 2337 1162 2403 nebulosa
1175 2356 1263 2404 cavo

157 2458 299 2521 campo,
313 2444 353 2503 ut
367 2437 455 2502 adeo
471 2435 631 2503 Mevania
648 2433 682 2500 h.
700 2436 726 2500 l.
745 2441 850 2502 totum
867 2457 987 2520 agrum
1007 2439 1182 2523 significet,
1196 2460 1264 2506 non

157 2541 290 2606 urbem.

162 2695 166 2702 .
205 2641 278 2707 Sed
291 2661 399 2727 neque
413 2641 560 2721 Ameria,
576 2662 654 2726 queo
669 2641 834 2725 Scaligeri
850 2645 1015 2710 sententia
1034 2653 1088 2710 est
1107 2647 1264 2729 [probatu

158 2744 276 2821 ctiam,
288 2752 327 2808 ut
340 2750 434 2810 notat
448 2744 609 2824 Kuinoel,
620 2764 642 2809 a
653 2744 793 2810 Barthio
809 2746 854 2809 ad
866 2745 956 2810 Stat.
971 2746 1066 2828 Sylr.
1079 2764 1103 2810 1.
1117 2747 1152 2812 2.
1162 2745 1264 2826 0001,

158 2844 381 2926 intelligenda
394 2849 455 2911 est.
501 2843 659 2927 Namque
682 2845 741 2909 illa
767 2846 845 2910 urbs
867 2853 967 2910 extra
981 2846 1103 2912 vallem
1117 2847 1263 2930 Spoleti·

159 2965 242 3009 nam
256 2944 320 3010 sita
334 2947 402 3008 est:
423 2964 530 3027 neque
545 2945 717 3010 Mevaniae
733 2947 901 3028 proximo,
915 2947 978 3011 sed
991 2947 1047 3013 00.
1062 2967 1169 3032 prope
1185 2967 1264 3032 pas·

161 3063 263 3112 suum
277 3045 425 3110 millibus
437 3046 482 3110 ab
497 3065 549 3124 ea,
563 3046 763 3129 longiusque
777 3065 799 3110 a
813 3045 965 3113 Perusiae
978 3047 1100 3114 finibus
1114 3050 1223 3116 abest.

207 3146 336 3214 Eadem
350 3147 437 3212 ratio
457 3147 607 3212 excludit
627 3167 762 3242 qnoque
775 3145 957 3226 Assisium,
971 3151 1003 3214 9.
1018 3151 1150 3215 circiter
1163 3151 1263 3217 milli·

160 3250 227 3314 bus
241 3267 402 3333 passuum
416 3268 438 3313 a
453 3247 614 3313 Mevania
626 3253 805 3329 remotum3
825 3248 905 3313 licet
920 3248 1127 3314 Maittairius
1139 3251 1175 3315 in
1184 3252 1263 3317 edit.

162 3348 309 3415 Isondin.
335 3356 415 3432 post
441 3349 635 3415 Mevaniam
657 3349 722 3414 hoc
742 3350 904 3434 oppidum
928 3351 1095 3418 nominet:
1118 3353 1262 3433 accedit,

163 3450 255 3536 quod
267 3451 323 3516 hic
337 3469 474 3534 quoque
489 3450 612 3515 trustra
626 3448 722 3514 lacus
738 3449 867 3514 Umber
879 3457 1059 3533 queratur.

65 3635 69 3640 Ι
209 3552 423 3636 Relinquitur
435 3557 473 3616 ut
487 3550 771 3616 HISPELLUM
790 3571 999 3617 assumamus
1021 3551 1189 3637 Propertii
1204 3572 1264 3637 pu·

162 3653 273 3732 triam,
296 3654 395 3736 cique
420 3653 528 3718 civem
551 3653 641 3717 hunc
665 3651 873 3729 addicamus,
893 3653 965 3735 qui,
986 3652 1068 3718 licet
1089 3655 1198 3718 minor
1219 3654 1265 3718 uit

69 3757 74 3766 '
163 3775 285 3840 magno
309 3755 459 3820 Homero
482 3759 544 3819 aut
567 3751 719 3830 Marone,
735 3753 821 3816 inter
835 3752 1003 3833 elegiacos
1017 3758 1128 3818 tamen
1142 3751 1263 3837 poetas

163 3877 234 3924 nou
249 3858 403 3923 ultimum
416 3857 525 3922 locum
540 3854 679 3932 obtinet,
695 3854 846 3938 satisque
870 3852 1000 3919 decoris
1020 3854 1122 3919 habet
1138 3855 1183 3919 ad
1203 3874 1264 3938 pa·

100 4021 102 4026 ,
165 3959 262 4024 triam
277 3978 372 4023 suem
388 3957 580 4022 ornandam.
625 3955 818 4041 Hispellum
837 3975 972 4040 nempe,
994 3975 1068 4019 cum
1092 3975 1172 4037 agro
1188 3975 1260 4037 suo,

166 4059 199 4124 iu
212 4059 298 4123 valle
315 4059 500 4143 Spoletina,
515 4061 611 4124 unire
631 4058 732 4126 sitnm
750 4057 844 4122 illum
865 4056 978 4134 habet,
1001 4075 1099 4139 quern
1120 4055 1262 4140 Proper-

167 4160 236 4226 tius
250 4160 284 4225 ll.
296 4181 347 4226 cc.
360 4162 560 4245 designavit.
593 4159 747 4242 Namque
764 4159 839 4244 ejus
853 4177 976 4242 mutue,
990 4158 1091 4224 sicuti
1106 4159 1263 4226 Donnola
