<?xml version="1.0" encoding="UTF-8"?>
<!DOCTYPE html PUBLIC "-//W3C//DTD XHTML 1.0 Transitional//EN"
    "http://www.w3.org/TR/xhtml1/DTD/xhtml1-transitional.dtd">
<html xmlns="http://www.w3.org/1999/xhtml" xml:lang="en" lang="en">
 <head>
  <title>
</title>
<meta http-equiv="Content-Type" content="text/html;charset=utf-8" />
  <meta name='ocr-system' content='tesseract 3.04.00' />
  <meta name='ocr-capabilities' content='ocr_page ocr_carea ocr_par ocr_line ocrx_word'/>
</head>
<body>
  <div class='ocr_page' id='page_1' title='image "./sextiaureliipro01dubogoog_0022.png"; bbox 0 0 3034 4775; ppageno 0'>
   <div class='ocr_carea' id='block_1_1' title="bbox 619 355 1266 429">
    <p class='ocr_par' dir='ltr' id='par_1_1' title="bbox 619 355 1266 429">
     <span class='ocr_line' id='line_1_1' title="bbox 619 355 1266 429; baseline 0.003 -2"><span class='ocrx_word' id='word_1_1' title='bbox 619 380 824 427; x_wconf 65' lang='lat' dir='ltr'><strong>nuenario.</strong></span> <span class='ocrx_word' id='word_1_2' title='bbox 1243 355 1266 429; x_wconf 76' lang='lat' dir='ltr'><strong>d</strong></span> 
     </span>
    </p>
   </div>
   <div class='ocr_carea' id='block_1_2' title="bbox 170 520 1346 1701">
    <p class='ocr_par' dir='ltr' id='par_1_2' title="bbox 170 520 1346 1701">
     <span class='ocr_line' id='line_1_2' title="bbox 172 520 1266 605; baseline -0.003 -13"><span class='ocrx_word' id='word_1_3' title='bbox 172 524 398 592; x_wconf 85' lang='lat' dir='ltr'><strong>strueremuse</strong></span> <span class='ocrx_word' id='word_1_4' title='bbox 413 521 489 587; x_wconf 90' lang='lat' dir='ltr'><strong>cod.</strong></span> <span class='ocrx_word' id='word_1_5' title='bbox 506 520 700 599; x_wconf 83' lang='lat' dir='ltr'><strong>Drasdensi,</strong></span> <span class='ocrx_word' id='word_1_6' title='bbox 716 541 814 605; x_wconf 89' lang='lat' dir='ltr'><strong>quem</strong></span> <span class='ocrx_word' id='word_1_7' title='bbox 825 522 861 585; x_wconf 93' lang='lat' dir='ltr'><strong>in</strong></span> <span class='ocrx_word' id='word_1_8' title='bbox 871 520 1006 587; x_wconf 83' lang='lat' dir='ltr'><strong>Tibullo</strong></span> <span class='ocrx_word' id='word_1_9' title='bbox 1016 520 1088 605; x_wconf 88' lang='lat' dir='ltr'><strong>jam</strong></span> <span class='ocrx_word' id='word_1_10' title='bbox 1103 541 1266 590; x_wconf 84' lang='lat' dir='ltr'><strong>excusse·</strong></span> 
     </span>
     <span class='ocr_line' id='line_1_3' title="bbox 170 624 1266 709; baseline -0.003 -15"><span class='ocrx_word' id='word_1_11' title='bbox 170 636 223 693; x_wconf 86' lang='lat' dir='ltr'><strong>rat</strong></span> <span class='ocrx_word' id='word_1_12' title='bbox 237 628 290 693; x_wconf 78' lang='lat' dir='ltr'><strong>Ill</strong></span> <span class='ocrx_word' id='word_1_13' title='bbox 315 626 478 709; x_wconf 86' lang='lat' dir='ltr'><strong>Heynius,</strong></span> <span class='ocrx_word' id='word_1_14' title='bbox 493 630 648 688; x_wconf 88' lang='lat' dir='ltr'><strong>accurate</strong></span> <span class='ocrx_word' id='word_1_15' title='bbox 662 624 871 708; x_wconf 89' lang='lat' dir='ltr'><strong>descriptum</strong></span> <span class='ocrx_word' id='word_1_16' title='bbox 886 624 1060 691; x_wconf 87' lang='lat' dir='ltr'><strong>abeodem</strong></span> <span class='ocrx_word' id='word_1_17' title='bbox 1075 624 1160 689; x_wconf 90' lang='lat' dir='ltr'><strong>Viro</strong></span> <span class='ocrx_word' id='word_1_18' title='bbox 1176 646 1266 691; x_wconf 88' lang='lat' dir='ltr'><strong>sum-</strong></span> 
     </span>
     <span class='ocr_line' id='line_1_4' title="bbox 170 725 1266 814; baseline -0.004 -20"><span class='ocrx_word' id='word_1_19' title='bbox 170 748 226 795; x_wconf 88' lang='lat' dir='ltr'><strong>mo</strong></span> <span class='ocrx_word' id='word_1_20' title='bbox 255 730 283 814; x_wconf 59' lang='grc' dir='ltr'><strong>ᾗ.</strong></span> <span class='ocrx_word' id='word_1_21' title='bbox 297 728 330 792; x_wconf 92' lang='grc'><strong>9.</strong></span> <span class='ocrx_word' id='word_1_22' title='bbox 346 727 485 791; x_wconf 85' lang='lat' dir='ltr'><strong>Praesat.</strong></span> <span class='ocrx_word' id='word_1_23' title='bbox 507 725 550 791; x_wconf 93' lang='lat' dir='ltr'><strong>ad</strong></span> <span class='ocrx_word' id='word_1_24' title='bbox 574 742 650 789; x_wconf 88' lang='lat' dir='ltr'><strong>eum</strong></span> <span class='ocrx_word' id='word_1_25' title='bbox 674 725 827 804; x_wconf 78' lang='lat' dir='ltr'><strong>Politen,</strong></span> <span class='ocrx_word' id='word_1_26' title='bbox 850 734 886 791; x_wconf 87' lang='lat' dir='ltr'><strong>et</strong></span> <span class='ocrx_word' id='word_1_27' title='bbox 907 748 929 792; x_wconf 90' lang='lat' dir='ltr'><strong>a</strong></span> <span class='ocrx_word' id='word_1_28' title='bbox 951 726 1108 804; x_wconf 83' lang='lat' dir='ltr'><strong>Goetuio,</strong></span> <span class='ocrx_word' id='word_1_29' title='bbox 1126 728 1160 791; x_wconf 89' lang='lat' dir='ltr'><strong>in</strong></span> <span class='ocrx_word' id='word_1_30' title='bbox 1183 727 1266 791; x_wconf 90' lang='lat' dir='ltr'><strong>‘den</strong></span> 
     </span>
     <span class='ocr_line' id='line_1_5' title="bbox 172 826 1266 911; baseline -0.005 -16"><span class='ocrx_word' id='word_1_31' title='bbox 172 826 510 909; x_wconf 80' lang='lat' dir='ltr'><strong>Merkwiirdiglreiten</strong></span> <span class='ocrx_word' id='word_1_32' title='bbox 538 827 596 890; x_wconf 85' lang='lat' dir='ltr'><strong>dar</strong></span> <span class='ocrx_word' id='word_1_33' title='bbox 624 827 750 909; x_wconf 81' lang='lat' dir='ltr'><strong>kdnigl.</strong></span> <span class='ocrx_word' id='word_1_34' title='bbox 777 828 933 893; x_wconf 90' lang='lat' dir='ltr'><strong>Biblioth.</strong></span> <span class='ocrx_word' id='word_1_35' title='bbox 957 842 999 893; x_wconf 84' lang='lat' dir='ltr'><strong>uu</strong></span> <span class='ocrx_word' id='word_1_36' title='bbox 1031 827 1204 906; x_wconf 81' lang='lat' dir='ltr'><strong>Drasden,’</strong></span> <span class='ocrx_word' id='word_1_37' title='bbox 1230 847 1266 911; x_wconf 90' lang='lat' dir='ltr'><strong>p.</strong></span> 
     </span>
     <span class='ocr_line' id='line_1_6' title="bbox 171 928 1266 1015; baseline -0.002 -19"><span class='ocrx_word' id='word_1_38' title='bbox 171 930 396 996; x_wconf 78' lang='lat' dir='ltr'><strong>137.n.123.</strong></span> <span class='ocrx_word' id='word_1_39' title='bbox 441 928 519 1007; x_wconf 86' lang='lat' dir='ltr'><strong>Qua</strong></span> <span class='ocrx_word' id='word_1_40' title='bbox 548 930 682 1013; x_wconf 91' lang='lat' dir='ltr'><strong>quidem</strong></span> <span class='ocrx_word' id='word_1_41' title='bbox 706 933 739 995; x_wconf 91' lang='lat' dir='ltr'><strong>in</strong></span> <span class='ocrx_word' id='word_1_42' title='bbox 767 950 803 995; x_wconf 88' lang='lat' dir='ltr'><strong>re</strong></span> <span class='ocrx_word' id='word_1_43' title='bbox 830 932 971 996; x_wconf 86' lang='lat' dir='ltr'><strong>amic-arn</strong></span> <span class='ocrx_word' id='word_1_44' title='bbox 999 932 1098 996; x_wconf 89' lang='lat' dir='ltr'><strong>nobis</strong></span> <span class='ocrx_word' id='word_1_45' title='bbox 1127 948 1266 1015; x_wconf 86' lang='lat' dir='ltr'><strong>operam</strong></span> 
     </span>
     <span class='ocr_line' id='line_1_7' title="bbox 171 1030 1265 1117; baseline -0.001 -21"><span class='ocrx_word' id='word_1_46' title='bbox 171 1032 327 1117; x_wconf 71' lang='lat' dir='ltr'><strong>praestitit</strong></span> <span class='ocrx_word' id='word_1_47' title='bbox 353 1030 404 1095; x_wconf 89' lang='lat' dir='ltr'><strong>M.</strong></span> <span class='ocrx_word' id='word_1_48' title='bbox 435 1031 644 1095; x_wconf 83' lang='lat' dir='ltr'><strong>Christianus</strong></span> <span class='ocrx_word' id='word_1_49' title='bbox 673 1031 866 1096; x_wconf 76' lang='lat' dir='ltr'><strong>Lndoricus</strong></span> <span class='ocrx_word' id='word_1_50' title='bbox 893 1031 1103 1110; x_wconf 70' lang='lat' dir='ltr'><strong>wenilonis,</strong></span> <span class='ocrx_word' id='word_1_51' title='bbox 1138 1032 1265 1097; x_wconf 83' lang='lat' dir='ltr'><strong>scholae</strong></span> 
     </span>
     <span class='ocr_line' id='line_1_8' title="bbox 171 1132 1266 1215; baseline 0 -18"><span class='ocrx_word' id='word_1_52' title='bbox 171 1132 345 1197; x_wconf 79' lang='lat' dir='ltr'><strong>Crucianae</strong></span> <span class='ocrx_word' id='word_1_53' title='bbox 361 1137 439 1195; x_wconf 88' lang='lat' dir='ltr'><strong>tunc</strong></span> <span class='ocrx_word' id='word_1_54' title='bbox 455 1134 615 1215; x_wconf 87' lang='lat' dir='ltr'><strong>temporis</strong></span> <span class='ocrx_word' id='word_1_55' title='bbox 629 1133 759 1215; x_wconf 79' lang='lat' dir='ltr'><strong>collega</strong></span> <span class='ocrx_word' id='word_1_56' title='bbox 778 1147 834 1196; x_wconf 90' lang='grc' dir='ltr'><strong>ιιι.</strong></span> <span class='ocrx_word' id='word_1_57' title='bbox 858 1152 945 1196; x_wconf 92' lang='lat' dir='ltr'><strong>nunc</strong></span> <span class='ocrx_word' id='word_1_58' title='bbox 969 1140 1082 1196; x_wconf 89' lang='lat' dir='ltr'><strong>autem</strong></span> <span class='ocrx_word' id='word_1_59' title='bbox 1106 1132 1266 1198; x_wconf 88' lang='lat' dir='ltr'><strong>diaconus</strong></span> 
     </span>
     <span class='ocr_line' id='line_1_9' title="bbox 171 1231 1346 1318; baseline 0.002 -21"><span class='ocrx_word' id='word_1_60' title='bbox 171 1238 203 1297; x_wconf 88' lang='lat' dir='ltr'><strong>et</strong></span> <span class='ocrx_word' id='word_1_61' title='bbox 217 1233 347 1316; x_wconf 79' lang='lat' dir='ltr'><strong>collega</strong></span> <span class='ocrx_word' id='word_1_62' title='bbox 362 1231 487 1297; x_wconf 82' lang='lat' dir='ltr'><strong>sebolae</strong></span> <span class='ocrx_word' id='word_1_63' title='bbox 502 1233 677 1298; x_wconf 85' lang='lat' dir='ltr'><strong>Portensis</strong></span> <span class='ocrx_word' id='word_1_64' title='bbox 691 1234 996 1318; x_wconf 82' lang='lat' dir='ltr'><strong>conjunctissimus3</strong></span> <span class='ocrx_word' id='word_1_65' title='bbox 1026 1235 1083 1317; x_wconf 91' lang='lat' dir='ltr'><strong>qui</strong></span> <span class='ocrx_word' id='word_1_66' title='bbox 1106 1235 1206 1300; x_wconf 87' lang='lat' dir='ltr'><strong>uobis</strong></span> <span class='ocrx_word' id='word_1_67' title='bbox 1220 1234 1265 1299; x_wconf 89' lang='lat' dir='ltr'><strong>V.</strong></span> <span class='ocrx_word' id='word_1_68' title='bbox 1338 1263 1346 1284; x_wconf 65' lang='grc' dir='ltr'><em>ν</em></span> 
     </span>
     <span class='ocr_line' id='line_1_10' title="bbox 172 1329 1266 1418; baseline 0.001 -19"><span class='ocrx_word' id='word_1_69' title='bbox 172 1334 210 1399; x_wconf 76' lang='lat' dir='ltr'><strong>B</strong></span> <span class='ocrx_word' id='word_1_70' title='bbox 220 1354 263 1397; x_wconf 86' lang='lat' dir='ltr'><strong>ex</strong></span> <span class='ocrx_word' id='word_1_71' title='bbox 275 1333 338 1397; x_wconf 89' lang='lat' dir='ltr'><strong>boc</strong></span> <span class='ocrx_word' id='word_1_72' title='bbox 350 1333 426 1397; x_wconf 89' lang='lat' dir='ltr'><strong>cod.</strong></span> <span class='ocrx_word' id='word_1_73' title='bbox 436 1354 513 1398; x_wconf 92' lang='lat' dir='ltr'><strong>cum</strong></span> <span class='ocrx_word' id='word_1_74' title='bbox 527 1329 652 1400; x_wconf 76' lang='lat' dir='ltr'><strong>Aldina</strong></span> <span class='ocrx_word' id='word_1_75' title='bbox 667 1335 747 1399; x_wconf 82' lang='lat' dir='ltr'><strong>edit</strong></span> <span class='ocrx_word' id='word_1_76' title='bbox 766 1337 892 1401; x_wconf 88' lang='lat' dir='ltr'><strong>collato</strong></span> <span class='ocrx_word' id='word_1_77' title='bbox 904 1341 1083 1418; x_wconf 84' lang='lat' dir='ltr'><strong>excerptas</strong></span> <span class='ocrx_word' id='word_1_78' title='bbox 1096 1334 1266 1400; x_wconf 85' lang='lat' dir='ltr'><strong>humanis·</strong></span> 
     </span>
     <span class='ocr_line' id='line_1_11' title="bbox 171 1434 1265 1517; baseline 0.001 -20"><span class='ocrx_word' id='word_1_79' title='bbox 171 1435 254 1498; x_wconf 88' lang='lat' dir='ltr'><strong>sima</strong></span> <span class='ocrx_word' id='word_1_80' title='bbox 267 1435 456 1499; x_wconf 79' lang='lat' dir='ltr'><strong>transmisit</strong></span> <span class='ocrx_word' id='word_1_81' title='bbox 500 1434 660 1499; x_wconf 85' lang='lat' dir='ltr'><strong>Habetis</strong></span> <span class='ocrx_word' id='word_1_82' title='bbox 675 1436 785 1500; x_wconf 83' lang='lat' dir='ltr'><strong>codex</strong></span> <span class='ocrx_word' id='word_1_83' title='bbox 799 1436 965 1499; x_wconf 83' lang='lat' dir='ltr'><strong>interdum</strong></span> <span class='ocrx_word' id='word_1_84' title='bbox 972 1438 1078 1499; x_wconf 88' lang='lat' dir='ltr'><strong>bonas</strong></span> <span class='ocrx_word' id='word_1_85' title='bbox 1085 1435 1265 1517; x_wconf 87' lang='lat' dir='ltr'><strong>lectiones;</strong></span> 
     </span>
     <span class='ocr_line' id='line_1_12' title="bbox 170 1533 1265 1619; baseline 0.001 -21"><span class='ocrx_word' id='word_1_86' title='bbox 170 1533 271 1598; x_wconf 87' lang='lat' dir='ltr'><strong>babet</strong></span> <span class='ocrx_word' id='word_1_87' title='bbox 294 1553 431 1618; x_wconf 91' lang='lat' dir='ltr'><strong>quoque</strong></span> <span class='ocrx_word' id='word_1_88' title='bbox 453 1535 718 1619; x_wconf 63' lang='lat' dir='ltr'><strong>lectionesque</strong></span> <span class='ocrx_word' id='word_1_89' title='bbox 742 1536 779 1597; x_wconf 93' lang='lat' dir='ltr'><strong>in</strong></span> <span class='ocrx_word' id='word_1_90' title='bbox 798 1534 874 1598; x_wconf 89' lang='lat' dir='ltr'><strong>aliis</strong></span> <span class='ocrx_word' id='word_1_91' title='bbox 886 1554 954 1600; x_wconf 93' lang='lat' dir='ltr'><strong>non</strong></span> <span class='ocrx_word' id='word_1_92' title='bbox 968 1535 1265 1619; x_wconf 71' lang='lat' dir='ltr'><strong>deprehenduntur,</strong></span> 
     </span>
     <span class='ocr_line' id='line_1_13' title="bbox 171 1633 879 1701; baseline 0 -2"><span class='ocrx_word' id='word_1_93' title='bbox 171 1634 215 1699; x_wconf 85' lang='lat' dir='ltr'><strong>ab</strong></span> <span class='ocrx_word' id='word_1_94' title='bbox 230 1633 416 1700; x_wconf 88' lang='lat' dir='ltr'><strong>editoribus</strong></span> <span class='ocrx_word' id='word_1_95' title='bbox 431 1638 518 1699; x_wconf 87' lang='lat' dir='ltr'><strong>certe</strong></span> <span class='ocrx_word' id='word_1_96' title='bbox 529 1653 596 1697; x_wconf 91' lang='lat' dir='ltr'><strong>non</strong></span> <span class='ocrx_word' id='word_1_97' title='bbox 609 1642 689 1699; x_wconf 89' lang='lat' dir='ltr'><strong>suut</strong></span> <span class='ocrx_word' id='word_1_98' title='bbox 698 1638 879 1701; x_wconf 68' lang='lat' dir='ltr'><strong>mnemia.</strong></span> 
     </span>
    </p>
   </div>
   <div class='ocr_carea' id='block_1_3' title="bbox 268 2075 1167 2343">
    <p class='ocr_par' dir='ltr' id='par_1_3' title="bbox 268 2075 1167 2343">
     <span class='ocr_line' id='line_1_14' title="bbox 534 2075 902 2142; baseline 0.003 -1"><span class='ocrx_word' id='word_1_99' title='bbox 534 2075 619 2141; x_wconf 88' lang='lat' dir='ltr'><strong>EX</strong></span> <span class='ocrx_word' id='word_1_100' title='bbox 636 2076 664 2142; x_wconf 89' lang='lat' dir='ltr'><strong>G</strong></span> <span class='ocrx_word' id='word_1_101' title='bbox 680 2078 710 2141; x_wconf 89' lang='lat' dir='ltr'><strong>E</strong></span> <span class='ocrx_word' id='word_1_102' title='bbox 726 2076 761 2142; x_wconf 88' lang='lat' dir='ltr'><strong>R</strong></span> <span class='ocrx_word' id='word_1_103' title='bbox 777 2078 806 2141; x_wconf 91' lang='lat' dir='ltr'><strong>P</strong></span> <span class='ocrx_word' id='word_1_104' title='bbox 822 2077 855 2142; x_wconf 84' lang='lat' dir='ltr'>T</span> <span class='ocrx_word' id='word_1_105' title='bbox 869 2076 902 2141; x_wconf 83' lang='lat' dir='ltr'>A</span> 
     </span>
     <span class='ocr_line' id='line_1_15' title="bbox 268 2260 1167 2343; baseline 0.004 -8"><span class='ocrx_word' id='word_1_106' title='bbox 268 2260 304 2335; x_wconf 91' lang='lat' dir='ltr'><strong>E</strong></span> <span class='ocrx_word' id='word_1_107' title='bbox 334 2260 383 2335; x_wconf 85' lang='lat' dir='ltr'><strong>L.</strong></span> <span class='ocrx_word' id='word_1_108' title='bbox 418 2260 712 2341; x_wconf 80' lang='lat' dir='ltr'><strong>SANTENII</strong></span> <span class='ocrx_word' id='word_1_109' title='bbox 747 2262 1167 2343; x_wconf 81' lang='lat' dir='ltr'><strong>PRAEFATIONE·</strong></span> 
     </span>
    </p>
   </div>
   <div class='ocr_carea' id='block_1_4' title="bbox 167 2554 1266 3578">
    <p class='ocr_par' dir='ltr' id='par_1_4' title="bbox 167 2554 1266 3578">
     <span class='ocr_line' id='line_1_16' title="bbox 171 2554 1264 2664; baseline 0.009 -22"><span class='ocrx_word' id='word_1_110' title='bbox 171 2554 363 2645; x_wconf 75' lang='lat' dir='ltr'><strong>Muuuuu</strong></span> <span class='ocrx_word' id='word_1_111' title='bbox 381 2579 527 2647; x_wconf 87' lang='lat' dir='ltr'><strong>dolorem</strong></span> <span class='ocrx_word' id='word_1_112' title='bbox 546 2585 625 2649; x_wconf 87' lang='lat' dir='ltr'><strong>boni</strong></span> <span class='ocrx_word' id='word_1_113' title='bbox 641 2606 769 2664; x_wconf 83' lang='lat' dir='ltr'><strong>omues,</strong></span> <span class='ocrx_word' id='word_1_114' title='bbox 782 2592 827 2652; x_wconf 86' lang='lat' dir='ltr'><strong>-et</strong></span> <span class='ocrx_word' id='word_1_115' title='bbox 841 2608 930 2654; x_wconf 82' lang='lat' dir='ltr'><strong>versa</strong></span> <span class='ocrx_word' id='word_1_116' title='bbox 945 2590 1143 2655; x_wconf 86' lang='lat' dir='ltr'><strong>eruditionis</strong></span> <span class='ocrx_word' id='word_1_117' title='bbox 1156 2588 1264 2653; x_wconf 88' lang='lat' dir='ltr'><strong>studi-</strong></span> 
     </span>
     <span class='ocr_line' id='line_1_17' title="bbox 172 2681 1266 2772; baseline 0.008 -29"><span class='ocrx_word' id='word_1_118' title='bbox 172 2681 236 2758; x_wconf 90' lang='lat' dir='ltr'><strong>osi,</strong></span> <span class='ocrx_word' id='word_1_119' title='bbox 249 2701 291 2746; x_wconf 85' lang='lat' dir='ltr'><strong>ex</strong></span> <span class='ocrx_word' id='word_1_120' title='bbox 308 2681 489 2747; x_wconf 87' lang='lat' dir='ltr'><strong>Burmanni</strong></span> <span class='ocrx_word' id='word_1_121' title='bbox 506 2685 651 2750; x_wconf 85' lang='lat' dir='ltr'><strong>Secundi</strong></span> <span class='ocrx_word' id='word_1_122' title='bbox 666 2693 784 2767; x_wconf 86' lang='lat' dir='ltr'><strong>morte,</strong></span> <span class='ocrx_word' id='word_1_123' title='bbox 809 2709 884 2772; x_wconf 85' lang='lat' dir='ltr'><strong>quae</strong></span> <span class='ocrx_word' id='word_1_124' title='bbox 901 2696 978 2754; x_wconf 88' lang='lat' dir='ltr'><strong>aute</strong></span> <span class='ocrx_word' id='word_1_125' title='bbox 993 2691 1078 2754; x_wconf 88' lang='lat' dir='ltr'><strong>duos</strong></span> <span class='ocrx_word' id='word_1_126' title='bbox 1091 2689 1192 2754; x_wconf 80' lang='lat' dir='ltr'><strong>sernia</strong></span> <span class='ocrx_word' id='word_1_127' title='bbox 1207 2709 1266 2753; x_wconf 93' lang='lat' dir='ltr'><strong>an-</strong></span> 
     </span>
     <span class='ocr_line' id='line_1_18' title="bbox 170 2783 1264 2869; baseline 0.007 -26"><span class='ocrx_word' id='word_1_128' title='bbox 170 2799 230 2845; x_wconf 88' lang='lat' dir='ltr'><strong>nos</strong></span> <span class='ocrx_word' id='word_1_129' title='bbox 243 2783 378 2860; x_wconf 87' lang='lat' dir='ltr'><strong>accidit,</strong></span> <span class='ocrx_word' id='word_1_130' title='bbox 394 2793 563 2867; x_wconf 86' lang='lat' dir='ltr'><strong>ceperunt.</strong></span> <span class='ocrx_word' id='word_1_131' title='bbox 609 2787 774 2866; x_wconf 83' lang='lat' dir='ltr'><strong>Quamvis</strong></span> <span class='ocrx_word' id='word_1_132' title='bbox 788 2791 876 2854; x_wconf 90' lang='lat' dir='ltr'><strong>enim</strong></span> <span class='ocrx_word' id='word_1_133' title='bbox 892 2791 955 2869; x_wconf 85' lang='lat' dir='ltr'><strong>vir,</strong></span> <span class='ocrx_word' id='word_1_134' title='bbox 968 2791 1144 2855; x_wconf 81' lang='lat' dir='ltr'><strong>excellenti</strong></span> <span class='ocrx_word' id='word_1_135' title='bbox 1160 2796 1192 2853; x_wconf 89' lang='lat' dir='ltr'><strong>et</strong></span> <span class='ocrx_word' id='word_1_136' title='bbox 1204 2791 1264 2852; x_wconf 93' lang='lat' dir='ltr'><strong>im-</strong></span> 
     </span>
     <span class='ocr_line' id='line_1_19' title="bbox 170 2882 1265 2972; baseline 0.007 -28"><span class='ocrx_word' id='word_1_137' title='bbox 170 2901 286 2945; x_wconf 86' lang='lat' dir='ltr'><strong>mensa</strong></span> <span class='ocrx_word' id='word_1_138' title='bbox 305 2882 458 2945; x_wconf 89' lang='lat' dir='ltr'><strong>doctrina</strong></span> <span class='ocrx_word' id='word_1_139' title='bbox 482 2884 669 2963; x_wconf 88' lang='lat' dir='ltr'><strong>abundans,</strong></span> <span class='ocrx_word' id='word_1_140' title='bbox 689 2888 762 2971; x_wconf 91' lang='lat' dir='ltr'><strong>jam</strong></span> <span class='ocrx_word' id='word_1_141' title='bbox 785 2891 935 2972; x_wconf 89' lang='lat' dir='ltr'><strong>quintum</strong></span> <span class='ocrx_word' id='word_1_142' title='bbox 960 2898 995 2954; x_wconf 89' lang='lat' dir='ltr'><strong>et</strong></span> <span class='ocrx_word' id='word_1_143' title='bbox 1021 2891 1265 2972; x_wconf 82' lang='lat' dir='ltr'><strong>sexagesimum</strong></span> 
     </span>
     <span class='ocr_line' id='line_1_20' title="bbox 171 2981 1266 3072; baseline 0.009 -28"><span class='ocrx_word' id='word_1_144' title='bbox 171 2981 280 3045; x_wconf 82' lang='lat' dir='ltr'><strong>oetatis</strong></span> <span class='ocrx_word' id='word_1_145' title='bbox 294 3000 414 3045; x_wconf 91' lang='lat' dir='ltr'><strong>annum</strong></span> <span class='ocrx_word' id='word_1_146' title='bbox 435 2985 624 3066; x_wconf 81' lang='lat' dir='ltr'><strong>attigisset3</strong></span> <span class='ocrx_word' id='word_1_147' title='bbox 647 2993 758 3051; x_wconf 88' lang='lat' dir='ltr'><strong>tamen</strong></span> <span class='ocrx_word' id='word_1_148' title='bbox 782 2990 856 3072; x_wconf 88' lang='lat' dir='ltr'><strong>ejus</strong></span> <span class='ocrx_word' id='word_1_149' title='bbox 880 2992 990 3055; x_wconf 84' lang='lat' dir='ltr'><strong>obitus</strong></span> <span class='ocrx_word' id='word_1_150' title='bbox 1010 2993 1205 3058; x_wconf 86' lang='lat' dir='ltr'><strong>immaturus</strong></span> <span class='ocrx_word' id='word_1_151' title='bbox 1231 2993 1266 3054; x_wconf 89' lang='lat' dir='ltr'><strong>et</strong></span> 
     </span>
     <span class='ocr_line' id='line_1_21' title="bbox 171 3082 1265 3175; baseline 0.011 -31"><span class='ocrx_word' id='word_1_152' title='bbox 171 3082 311 3145; x_wconf 86' lang='lat' dir='ltr'><strong>acerbus</strong></span> <span class='ocrx_word' id='word_1_153' title='bbox 327 3082 574 3150; x_wconf 86' lang='lat' dir='ltr'><strong>existimandus</strong></span> <span class='ocrx_word' id='word_1_154' title='bbox 590 3095 652 3167; x_wconf 88' lang='lat' dir='ltr'><strong>est,</strong></span> <span class='ocrx_word' id='word_1_155' title='bbox 668 3089 770 3174; x_wconf 84' lang='lat' dir='ltr'><strong>quod,</strong></span> <span class='ocrx_word' id='word_1_156' title='bbox 785 3110 926 3174; x_wconf 89' lang='lat' dir='ltr'><strong>quorum</strong></span> <span class='ocrx_word' id='word_1_157' title='bbox 942 3093 1082 3175; x_wconf 85' lang='lat' dir='ltr'><strong>ingeniis</strong></span> <span class='ocrx_word' id='word_1_158' title='bbox 1097 3094 1265 3157; x_wconf 90' lang='lat' dir='ltr'><strong>immorta-</strong></span> 
     </span>
     <span class='ocr_line' id='line_1_22' title="bbox 170 3182 1265 3265; baseline 0.012 -21"><span class='ocrx_word' id='word_1_159' title='bbox 170 3182 219 3245; x_wconf 85' lang='lat' dir='ltr'><strong>lia</strong></span> <span class='ocrx_word' id='word_1_160' title='bbox 233 3201 334 3265; x_wconf 86' lang='lat' dir='ltr'><strong>0pera</strong></span> <span class='ocrx_word' id='word_1_161' title='bbox 349 3191 515 3264; x_wconf 87' lang='lat' dir='ltr'><strong>parantur,</strong></span> <span class='ocrx_word' id='word_1_162' title='bbox 538 3207 651 3252; x_wconf 88' lang='lat' dir='ltr'><strong>eorum</strong></span> <span class='ocrx_word' id='word_1_163' title='bbox 666 3191 736 3254; x_wconf 90' lang='lat' dir='ltr'><strong>vita</strong></span> <span class='ocrx_word' id='word_1_164' title='bbox 761 3191 849 3256; x_wconf 88' lang='lat' dir='ltr'><strong>ultra</strong></span> <span class='ocrx_word' id='word_1_165' title='bbox 871 3193 1083 3258; x_wconf 89' lang='lat' dir='ltr'><strong>mortalitatis</strong></span> <span class='ocrx_word' id='word_1_166' title='bbox 1108 3193 1265 3257; x_wconf 84' lang='lat' dir='ltr'><strong>terminos</strong></span> 
     </span>
     <span class='ocr_line' id='line_1_23' title="bbox 167 3282 1264 3382; baseline 0.011 -38"><span class='ocrx_word' id='word_1_167' title='bbox 167 3282 387 3365; x_wconf 87' lang='lat' dir='ltr'><strong>producenda</strong></span> <span class='ocrx_word' id='word_1_168' title='bbox 401 3284 560 3351; x_wconf 85' lang='lat' dir='ltr'><strong>videatur.</strong></span> <span class='ocrx_word' id='word_1_169' title='bbox 607 3289 695 3368; x_wconf 83' lang='lat' dir='ltr'><strong>Quis</strong></span> <span class='ocrx_word' id='word_1_170' title='bbox 710 3299 820 3357; x_wconf 89' lang='lat' dir='ltr'><strong>autem</strong></span> <span class='ocrx_word' id='word_1_171' title='bbox 845 3292 951 3382; x_wconf 89' lang='lat' dir='ltr'><strong>(quod</strong></span> <span class='ocrx_word' id='word_1_172' title='bbox 979 3297 1051 3358; x_wconf 88' lang='lat' dir='ltr'><strong>sine</strong></span> <span class='ocrx_word' id='word_1_173' title='bbox 1066 3296 1264 3379; x_wconf 88' lang='lat' dir='ltr'><strong>cujusquam</strong></span> 
     </span>
     <span class='ocr_line' id='line_1_24' title="bbox 171 3382 1264 3478; baseline 0.01 -32"><span class='ocrx_word' id='word_1_174' title='bbox 171 3383 374 3448; x_wconf 86' lang='lat' dir='ltr'><strong>contumelia</strong></span> <span class='ocrx_word' id='word_1_175' title='bbox 390 3383 529 3449; x_wconf 83' lang='lat' dir='ltr'><strong>dixerim</strong></span> <span class='ocrx_word' id='word_1_176' title='bbox 544 3385 569 3472; x_wconf 88' lang='lat' dir='ltr'><strong>l)</strong></span> <span class='ocrx_word' id='word_1_177' title='bbox 592 3397 642 3454; x_wconf 84' lang='lat' dir='ltr'><strong>tut</strong></span> <span class='ocrx_word' id='word_1_178' title='bbox 658 3400 727 3456; x_wconf 90' lang='lat' dir='ltr'><strong>tam</strong></span> <span class='ocrx_word' id='word_1_179' title='bbox 743 3395 915 3476; x_wconf 86' lang='lat' dir='ltr'><strong>praeclaris</strong></span> <span class='ocrx_word' id='word_1_180' title='bbox 929 3382 1088 3478; x_wconf 75' lang='lat' dir='ltr'><strong>bperibus</strong></span> <span class='ocrx_word' id='word_1_181' title='bbox 1108 3394 1182 3459; x_wconf 86' lang='lat' dir='ltr'><strong>baec</strong></span> <span class='ocrx_word' id='word_1_182' title='bbox 1205 3394 1264 3457; x_wconf 92' lang='lat' dir='ltr'><strong>bu-</strong></span> 
     </span>
     <span class='ocr_line' id='line_1_25' title="bbox 170 3485 1264 3578; baseline 0.012 -33"><span class='ocrx_word' id='word_1_183' title='bbox 170 3485 338 3548; x_wconf 84' lang='lat' dir='ltr'><strong>manitatis</strong></span> <span class='ocrx_word' id='word_1_184' title='bbox 352 3487 465 3549; x_wconf 87' lang='lat' dir='ltr'><strong>studia</strong></span> <span class='ocrx_word' id='word_1_185' title='bbox 481 3489 577 3553; x_wconf 86' lang='lat' dir='ltr'><strong>auxit</strong></span> <span class='ocrx_word' id='word_1_186' title='bbox 594 3498 631 3554; x_wconf 90' lang='lat' dir='ltr'><strong>et</strong></span> <span class='ocrx_word' id='word_1_187' title='bbox 656 3493 813 3556; x_wconf 69' lang='lat' dir='ltr'><strong>ornavit?</strong></span> <span class='ocrx_word' id='word_1_188' title='bbox 834 3495 912 3576; x_wconf 89' lang='lat' dir='ltr'><strong>quis</strong></span> <span class='ocrx_word' id='word_1_189' title='bbox 937 3514 1006 3558; x_wconf 91' lang='lat' dir='ltr'><strong>non</strong></span> <span class='ocrx_word' id='word_1_190' title='bbox 1024 3495 1185 3578; x_wconf 87' lang='lat' dir='ltr'><strong>juvenum</strong></span> <span class='ocrx_word' id='word_1_191' title='bbox 1210 3513 1264 3558; x_wconf 84' lang='lat' dir='ltr'><strong>so·</strong></span> 
     </span>
    </p>
   </div>
   <div class='ocr_carea' id='block_1_5' title="bbox 170 3583 1364 3674">
    <p class='ocr_par' dir='ltr' id='par_1_5' title="bbox 170 3583 1364 3674">
     <span class='ocr_line' id='line_1_26' title="bbox 170 3583 1364 3674; baseline 0.014 -28"><span class='ocrx_word' id='word_1_192' title='bbox 170 3583 247 3674; x_wconf 84' lang='lat' dir='ltr'><strong>lum&#39;,</strong></span> <span class='ocrx_word' id='word_1_193' title='bbox 262 3585 322 3649; x_wconf 86' lang='lat' dir='ltr'><strong>sed</strong></span> <span class='ocrx_word' id='word_1_194' title='bbox 338 3587 436 3649; x_wconf 86' lang='lat' dir='ltr'><strong>etiam</strong></span> <span class='ocrx_word' id='word_1_195' title='bbox 452 3589 597 3654; x_wconf 83' lang='lat' dir='ltr'><strong>virorum</strong></span> <span class='ocrx_word' id='word_1_196' title='bbox 613 3593 743 3657; x_wconf 89' lang='lat' dir='ltr'><strong>animos</strong></span> <span class='ocrx_word' id='word_1_197' title='bbox 759 3600 851 3659; x_wconf 87' lang='lat' dir='ltr'><strong>lauto</strong></span> <span class='ocrx_word' id='word_1_198' title='bbox 868 3615 946 3658; x_wconf 89' lang='lat' dir='ltr'><strong>cum</strong></span> <span class='ocrx_word' id='word_1_199' title='bbox 963 3596 1167 3673; x_wconf 87' lang='lat' dir='ltr'><strong>eruditionis,</strong></span> <span class='ocrx_word' id='word_1_200' title='bbox 1193 3603 1265 3662; x_wconf 82' lang='lat' dir='ltr'><strong>tum</strong></span> <span class='ocrx_word' id='word_1_201' title='bbox 1362 3602 1364 3605; x_wconf 78' lang='grc'><strong>’</strong></span> 
     </span>
    </p>
   </div>
   <div class='ocr_carea' id='block_1_6' title="bbox 169 3685 1265 4286">
    <p class='ocr_par' dir='ltr' id='par_1_6' title="bbox 169 3685 1265 4286">
     <span class='ocr_line' id='line_1_27' title="bbox 170 3685 1264 3780; baseline 0.012 -34"><span class='ocrx_word' id='word_1_202' title='bbox 170 3685 289 3766; x_wconf 71' lang='lat' dir='ltr'><strong>patriae</strong></span> <span class='ocrx_word' id='word_1_203' title='bbox 306 3703 419 3750; x_wconf 87' lang='lat' dir='ltr'><strong>amore</strong></span> <span class='ocrx_word' id='word_1_204' title='bbox 435 3687 679 3756; x_wconf 68' lang='lat' dir='ltr'><strong>inflammavit?</strong></span> <span class='ocrx_word' id='word_1_205' title='bbox 724 3692 813 3772; x_wconf 84' lang='lat' dir='ltr'><strong>Quis</strong></span> <span class='ocrx_word' id='word_1_206' title='bbox 828 3695 878 3758; x_wconf 93' lang='lat' dir='ltr'><strong>illi</strong></span> <span class='ocrx_word' id='word_1_207' title='bbox 901 3714 1047 3777; x_wconf 88' lang='lat' dir='ltr'><strong>unquam</strong></span> <span class='ocrx_word' id='word_1_208' title='bbox 1070 3716 1132 3780; x_wconf 87' lang='lat' dir='ltr'><strong>par</strong></span> <span class='ocrx_word' id='word_1_209' title='bbox 1153 3714 1264 3779; x_wconf 86' lang='lat' dir='ltr'><strong>reper-</strong></span> 
     </span>
     <span class='ocr_line' id='line_1_28' title="bbox 170 3787 1263 3879; baseline 0.013 -32"><span class='ocrx_word' id='word_1_210' title='bbox 170 3791 227 3848; x_wconf 85' lang='lat' dir='ltr'><strong>tus</strong></span> <span class='ocrx_word' id='word_1_211' title='bbox 241 3793 294 3849; x_wconf 85' lang='lat' dir='ltr'><strong>est</strong></span> <span class='ocrx_word' id='word_1_212' title='bbox 308 3787 342 3849; x_wconf 91' lang='lat' dir='ltr'><strong>in</strong></span> <span class='ocrx_word' id='word_1_213' title='bbox 357 3787 499 3869; x_wconf 88' lang='lat' dir='ltr'><strong>ingeniis</strong></span> <span class='ocrx_word' id='word_1_214' title='bbox 515 3791 558 3854; x_wconf 93' lang='lat' dir='ltr'><strong>ad</strong></span> <span class='ocrx_word' id='word_1_215' title='bbox 574 3812 695 3876; x_wconf 82' lang='lat' dir='ltr'><strong>magna</strong></span> <span class='ocrx_word' id='word_1_216' title='bbox 705 3797 836 3877; x_wconf 86' lang='lat' dir='ltr'><strong>quaevis</strong></span> <span class='ocrx_word' id='word_1_217' title='bbox 851 3800 886 3860; x_wconf 89' lang='lat' dir='ltr'><strong>et</strong></span> <span class='ocrx_word' id='word_1_218' title='bbox 900 3797 1263 3879; x_wconf 85' lang='lat' dir='ltr'><strong>gloriosaexcitandisl</strong></span> 
     </span>
     <span class='ocr_line' id='line_1_29' title="bbox 172 3884 1265 3965; baseline 0.014 -16"><span class='ocrx_word' id='word_1_219' title='bbox 172 3884 237 3950; x_wconf 88' lang='lat' dir='ltr'><strong>Sed</strong></span> <span class='ocrx_word' id='word_1_220' title='bbox 254 3886 436 3951; x_wconf 87' lang='lat' dir='ltr'><strong>Burmanni</strong></span> <span class='ocrx_word' id='word_1_221' title='bbox 451 3888 546 3954; x_wconf 87' lang='lat' dir='ltr'><strong>dotes</strong></span> <span class='ocrx_word' id='word_1_222' title='bbox 569 3897 602 3955; x_wconf 87' lang='lat' dir='ltr'><strong>et</strong></span> <span class='ocrx_word' id='word_1_223' title='bbox 622 3897 738 3959; x_wconf 89' lang='lat' dir='ltr'><strong>merita</strong></span> <span class='ocrx_word' id='word_1_224' title='bbox 760 3917 933 3962; x_wconf 85' lang='lat' dir='ltr'><strong>recensere</strong></span> <span class='ocrx_word' id='word_1_225' title='bbox 956 3916 1106 3961; x_wconf 78' lang='lat' dir='ltr'><strong>mearum</strong></span> <span class='ocrx_word' id='word_1_226' title='bbox 1124 3915 1190 3960; x_wconf 92' lang='lat' dir='ltr'><strong>uon</strong></span> <span class='ocrx_word' id='word_1_227' title='bbox 1213 3904 1265 3965; x_wconf 84' lang='lat' dir='ltr'><strong>est</strong></span> 
     </span>
     <span class='ocr_line' id='line_1_30' title="bbox 169 3987 1231 4081; baseline 0.012 -31"><span class='ocrx_word' id='word_1_228' title='bbox 169 3987 327 4070; x_wconf 88' lang='lat' dir='ltr'><strong>partium,</strong></span> <span class='ocrx_word' id='word_1_229' title='bbox 348 3991 533 4073; x_wconf 85' lang='lat' dir='ltr'><strong>praesertim</strong></span> <span class='ocrx_word' id='word_1_230' title='bbox 557 3994 635 4058; x_wconf 85' lang='lat' dir='ltr'><strong>aliis</strong></span> <span class='ocrx_word' id='word_1_231' title='bbox 657 3995 721 4061; x_wconf 90' lang='lat' dir='ltr'><strong>boc</strong></span> <span class='ocrx_word' id='word_1_232' title='bbox 743 3997 856 4062; x_wconf 89' lang='lat' dir='ltr'><strong>officio</strong></span> <span class='ocrx_word' id='word_1_233' title='bbox 874 3998 945 4081; x_wconf 92' lang='lat' dir='ltr'><strong>jam</strong></span> <span class='ocrx_word' id='word_1_234' title='bbox 968 3997 1033 4060; x_wconf 84' lang='lat' dir='ltr'><strong>rite</strong></span> <span class='ocrx_word' id='word_1_235' title='bbox 1054 3997 1231 4064; x_wconf 84' lang='lat' dir='ltr'><strong>defunctis.</strong></span> 
     </span>
     <span class='ocr_line' id='line_1_31' title="bbox 212 4084 1263 4166; baseline 0.013 -17"><span class='ocrx_word' id='word_1_236' title='bbox 212 4084 298 4151; x_wconf 82' lang='lat' dir='ltr'><strong>Cum</strong></span> <span class='ocrx_word' id='word_1_237' title='bbox 312 4108 392 4154; x_wconf 82' lang='lat' dir='ltr'><strong>vero</strong></span> <span class='ocrx_word' id='word_1_238' title='bbox 406 4093 513 4157; x_wconf 89' lang='lat' dir='ltr'><strong>omnis</strong></span> <span class='ocrx_word' id='word_1_239' title='bbox 528 4094 712 4160; x_wconf 90' lang='lat' dir='ltr'><strong>Burmanni</strong></span> <span class='ocrx_word' id='word_1_240' title='bbox 728 4097 843 4162; x_wconf 85' lang='lat' dir='ltr'><strong>vitain</strong></span> <span class='ocrx_word' id='word_1_241' title='bbox 855 4097 1028 4164; x_wconf 83' lang='lat' dir='ltr'><strong>laboribus</strong></span> <span class='ocrx_word' id='word_1_242' title='bbox 1037 4097 1173 4165; x_wconf 85' lang='lat' dir='ltr'><strong>eruditis</strong></span> <span class='ocrx_word' id='word_1_243' title='bbox 1185 4119 1263 4166; x_wconf 89' lang='lat' dir='ltr'><strong>cou-</strong></span> 
     </span>
     <span class='ocr_line' id='line_1_32' title="bbox 170 4193 1264 4286; baseline 0.013 -34"><span class='ocrx_word' id='word_1_244' title='bbox 170 4193 361 4266; x_wconf 78' lang='lat' dir='ltr'><strong>sumeretur,</strong></span> <span class='ocrx_word' id='word_1_245' title='bbox 375 4210 440 4255; x_wconf 93' lang='lat' dir='ltr'><strong>non</strong></span> <span class='ocrx_word' id='word_1_246' title='bbox 451 4195 580 4277; x_wconf 86' lang='lat' dir='ltr'><strong>mirum,</strong></span> <span class='ocrx_word' id='word_1_247' title='bbox 595 4198 626 4262; x_wconf 90' lang='lat' dir='ltr'><strong>si</strong></span> <span class='ocrx_word' id='word_1_248' title='bbox 639 4217 728 4264; x_wconf 85' lang='lat' dir='ltr'><strong>mors</strong></span> <span class='ocrx_word' id='word_1_249' title='bbox 744 4198 819 4281; x_wconf 86' lang='lat' dir='ltr'><strong>ejus</strong></span> <span class='ocrx_word' id='word_1_250' title='bbox 828 4199 1020 4266; x_wconf 82' lang='lat' dir='ltr'><strong>inchoatum</strong></span> <span class='ocrx_word' id='word_1_251' title='bbox 1031 4199 1168 4283; x_wconf 87' lang='lat' dir='ltr'><strong>aliquod</strong></span> <span class='ocrx_word' id='word_1_252' title='bbox 1177 4218 1264 4286; x_wconf 84' lang='lat' dir='ltr'><strong>opua</strong></span> 
     </span>
    </p>
   </div>
   <div class='ocr_carea' id='block_1_7' title="bbox 0 0 1522 4775">
    <p class='ocr_par' dir='ltr' id='par_1_7' title="bbox 0 0 1522 4775">
     <span class='ocr_line' id='line_1_33' title="bbox 0 0 1522 4775; baseline 0 0"><span class='ocrx_word' id='word_1_253' title='bbox 0 0 1522 4775; x_wconf 95' lang='lat' dir='ltr'><strong> </strong></span> 
     </span>
    </p>
   </div>
  </div>
 </body>
</html>
