3034 4775
514 422 562 469 ou
587 420 813 471 raorenrno.
857 406 861 412 ’

258 612 413 677 Andreas
428 610 602 689 Schottus,
616 609 812 679 observata
828 610 978 681 llumau.
994 630 1034 679 ιι.
1049 616 1081 681 7.

208 730 356 815 Cynthia
371 730 509 799 facundi
523 746 655 796 carmen
664 730 820 815 juvenile
833 731 1011 816 Properti:

122 832 210 901 adeo
221 832 359 915 elegans
373 840 409 898 et
423 832 558 909 saltum,
573 838 612 897 ut
630 830 716 896 nihil
730 850 774 896 eo
787 833 962 899 remetiar
975 832 1040 899 hoo
1054 834 1091 899 in
1106 854 1226 917 genere

118 936 254 1017 reperiri
267 942 381 1019 queat.
405 932 653 1000 Callimachum
667 933 830 1001 Graecum
844 941 886 1000 ut
895 937 1076 1019 expressit,
1088 936 1227 1021 Eupho·

118 1040 259 1115 mnam,
274 1038 427 1121 aliosque
441 1036 642 1117 nonnullos,
659 1038 710 1102 itu
730 1036 828 1101 illum
842 1037 1000 1102 similiter
1013 1038 1072 1104 alii
1085 1058 1226 1124 expres-

120 1158 206 1204 sere.
508 1152 515 1167 ·

250 1254 429 1341 Philippus
445 1252 589 1319 Carolus
605 1252 765 1321 Animad.
782 1254 827 1319 ad
843 1251 968 1339 Agellii
984 1271 1024 1320 ιι.
1037 1256 1092 1322 23.

163 1388 262 1467 Siout
273 1388 434 1471 pictores,
449 1386 561 1451 oeulis
573 1385 729 1465 defessis,
744 1385 790 1453 ad
802 1386 945 1474 floridos
957 1395 993 1453 et
1006 1390 1140 1455 virides
1166 1412 1223 1457 eo·

118 1492 209 1553 lores
225 1508 261 1553 se
276 1495 452 1567 avertunt3
474 1489 522 1553 itu
539 1489 626 1552 bene
641 1490 730 1582 natis
746 1496 782 1552 et
794 1488 937 1554 literatis
947 1491 1092 1571 ingeniis
1105 1492 1225 1558 lenitas

117 1591 269 1671 gravium
284 1590 525 1671 longarumque
539 1589 798 1654 meditationum
814 1588 957 1656 Plautus
969 1598 1033 1671 est,
1048 1598 1084 1654 et
1097 1590 1223 1657 Teren-

120 1693 204 1767 tius,
220 1700 257 1755 et
271 1690 425 1768 Publius,
437 1698 470 1756 et
485 1688 664 1769 Horatius,
680 1695 714 1755 et
728 1690 923 1774 smaragdus
943 1690 1120 1776 politanum
1140 1693 1224 1760 Pro·

118 1792 263 1873 partius·

140 1958 322 2024 Rolandus'
341 1957 510 2023 Maresius
534 1973 574 2021 ιι.
598 1958 662 2042 Ep.
687 1958 719 2023 6.
742 1966 824 2044 post
845 1962 978 2045 prolata
1000 1962 1199 2042 Quintiliani

610 2062 728 2127 verba.

163 2179 293 2242 Durum
307 2176 391 2242 mihi
405 2177 539 2261 quidem
562 2183 625 2255 est,
650 2179 694 2243 ab
717 2178 806 2244 aeris
825 2178 949 2264 judicii
965 2177 1093 2246 critico
1115 2181 1222 2248 disoe-

116 2280 207 2357 dern,
222 2281 282 2362 qui
296 2278 468 2344 Tibullum
486 2278 615 2344 ridetur
634 2279 807 2364 praeferre.
852 2279 919 2346 Sed
935 2283 1095 2347 tamenin
1109 2284 1222 2348 iisme
1355 2360 1359 2367 t

117 2403 194 2446 esse
207 2382 325 2460 iateor,
336 2382 395 2466 qui
410 2379 624 2466 Propertium
636 2380 764 2446 malint.
788 2380 953 2461 Quamvis
965 2386 1052 2449 euim
1066 2382 1221 2450 Tibullus

116 2485 199 2548 mire
227 2485 272 2548 sit
297 2483 465 2548 ineundus
493 2489 526 2548 et
554 2483 700 2567 elegans,
723 2484 857 2551 Latinae
879 2485 981 2551 etiam
1004 2487 1221 2570 proprietatis

116 2587 292 2663 amantior,
311 2601 413 2672 quam
439 2585 541 2662 alter,
558 2586 617 2668 qui
645 2603 738 2670 saepe
762 2585 947 2669 graeeissat,
960 2591 996 2650 at
1017 2586 1052 2651 ln
1074 2579 1222 2652 carmine

116 2687 283 2762 exactior,
297 2683 539 2764 etrotnndior3
561 2693 675 2752 tamen
698 2685 895 2769 Propertius
918 2685 1014 2751 illurn
1036 2685 1222 2750 emditione

116 2795 152 2850 et
173 2786 298 2868 ingenii
322 2785 490 2850 suavitate
512 2787 643 2852 videtur
667 2804 838 2870 superare,
860 2785 1003 2850 blandus
1026 2788 1163 2850 omnino
1187 2781 1227 2851 et'

117 2889 205 2950 lenis
230 2888 266 2950 iu
289 2883 485 2950 effectibus:
508 2885 681 2969 inquibus
704 2885 806 2950 etiam
829 2883 1053 2967 exprimendis
1075 2904 1222 2951 nonnun-

116 3006 231 3070 quam,
245 2995 402 3070 tnnquam
417 2985 548 3051 calidus
570 2992 711 3063 amator,
725 2989 761 3049 et
775 3003 886 3050 amore
901 2984 1104 3069 deperditus,
1120 2990 1222 3054 rebe·

116 3088 261 3152 mentior
273 3087 349 3152 fuit.
611 3083 614 3091 ¹
843 3109 850 3116 ·

361 3237 476 3304 Luras
490 3237 672 3318 Fruterins,
687 3236 871 3306 verisimtl.
887 3254 912 3302 1.
927 3237 982 3304 lt.

172 3357 386 3440 Propertium
420 3375 499 3421 rere
535 3354 811 3422 Transmarinam
849 3356 1017 3422 Veneram
1046 3360 1220 3444 appellare

116 3476 313 3541 possumne,
323 3476 401 3523 eum
415 3463 552 3542 propter
566 3459 660 3524 varia
674 3459 709 3523 iu
722 3475 798 3524 eoa
808 3457 941 3524 Graecis
955 3459 1219 3527 ualetudieendi

117 3578 251 3641 genera,
265 3565 336 3624 tum
351 3561 454 3624 etiam
477 3567 615 3644 propter
629 3561 795 3643 quasdam
808 3567 843 3625 et
856 3560 1003 3625 audaces
1015 3566 1049 3627 et
1063 3563 1220 3645 proprias

117 3660 183 3724 sibi
198 3659 351 3744 phrases,
364 3679 450 3744 quas
464 3663 500 3726 in
514 3663 582 3727 alio
595 3659 700 3746 polita
711 3661 804 3728 hand
819 3667 942 3728 temere
955 3661 1116 3746 reperias.

115 3824 227 3892 lanus
247 3823 444 3898 Pannonius
463 3831 657 3919 Episcopus
677 3829 1047 3918 Qninqneeoleaiensis,
1061 3847 1102 3895 ιι.
1121 3829 1172 3896 El.
1185 3830 1219 3894 2

164 3943 279 4010 Nemo
293 3946 380 4012 adeo
394 3949 683 4035 arenosaque
697 3949 846 4016 Umbros
860 3948 1015 4033 pransu
1025 3965 1123 4029 agros
1220 3990 1225 4005 ι

208 4044 375 4112 Omnibus
389 4048 502 4115 italiae
516 4051 684 4117 fertilitate
696 4050 794 4116 loeis.

165 4143 241 4210 Neo
255 4165 390 4232 qnoque
405 4151 563 4232 gauderet
576 4171 612 4216 se
624 4151 689 4216 hue
703 4155 800 4234 gente
814 4149 1012 4234 Ptopartius
1025 4159 1147 4229 ortum,

208 4245 242 4310 N
245 4247 256 4310 i
273 4249 385 4316 studio
398 4252 490 4332 belli,
504 4253 539 4318 ni
554 4253 639 4318 foret
652 4260 736 4336 apta
749 4259 854 4335 togae..
