3034 4775
281 362 326 425 48
556 378 642 427 sex.
666 376 757 425 sun.
781 375 983 425 cnonne'ru
1007 377 1096 426 vius

284 516 408 600 Remi3
425 538 505 584 mox
515 518 778 605 dobitipsesuu.
808 520 889 584 Sive
899 520 1027 603 uliquid
1036 518 1199 604 pharetris
1207 518 1389 604 Augustus
1413 502 1422 517 ⁶

280 624 396 702 puroet
411 618 504 699 Eois,
526 622 667 687 Dilicrut
684 623 720 685 in
740 642 864 705 pueros
882 622 950 687 istu
965 629 1095 705 tropaeu
1111 640 1202 687 suos.
1245 621 1385 701 Gunde,

282 718 417 798 Crasse,
431 721 676 805 nigrsssiquid
689 724 783 807 sapis
794 710 1031 803 intercisum
1052 722 1385 806 IrcperEuphruten
1500 679 1505 846 π

282 820 327 885 ud
341 822 628 888 tusbustslioet!
672 822 725 888 cf.
739 823 834 888 etA.
849 822 895 887 U.
910 823 950 890 G.
964 824 1042 891 739.
1062 825 1106 889 ud
1125 843 1228 907 quem
1241 825 1384 907 scriptio
1504 848 1505 908 i

281 920 380 1004 hujus
404 920 529 1005 Elegiae
548 924 689 1007 ¹proprie
713 924 859 1008 pertinet
881 930 1019 1009 propter
1040 926 1237 993 Sicambros
1262 944 1313 989 νε.
1327 926 1382 989 77.
1504 917 1505 978 l

283 1028 572 1087 commemoratos.

1504 1147 1505 1184 l

626 1186 659 1239 Α.
670 1190 703 1239 U.
714 1189 744 1241 C.
756 1192 816 1239 787.
848 1188 1037 1253 Ρνορενίίἰδο.

658 1268 689 1319 C.
701 1270 821 1319 Furnius.
853 1269 885 1319 C.
896 1269 1005 1319 Silenus.

327 1364 403 1429 Lex
419 1364 462 1429 do
483 1365 678 1431 maritandis
700 1366 874 1431 ordinibus
897 1364 1018 1432 iterum
1038 1364 1120 1443 luta,
1144 1365 1284 1430 necdum
1307 1386 1379 1451 per-
1504 1401 1505 1484 p

284 1464 371 1531 latu:
394 1464 509 1531 confer
523 1484 584 1530 nos
599 1484 699 1551 supru
713 1464 757 1531 ud
771 1462 816 1529 A.
829 1464 874 1531 U.
888 1464 965 1530 726.

629 1660 660 1711 Α.
672 1661 705 1711 U.
716 1660 746 1711 C.
757 1663 815 1711 m.
849 1659 982 1724 Propertll
992 1662 1033 1711 u.

580 1744 610 1795 1..
620 1741 758 1792 Domitius.
791 1740 825 1792 P.
836 1739 1081 1805 cemumsdpto.

286 1852 290 1859 “
328 1838 397 1903 Hic
412 1838 453 1903 P.
469 1837 647 1903 Cornelius
663 1837 782 1921 Scipio
795 1852 889 1901 cons.
902 1844 957 1900 est
970 1837 1029 1902 ille
1048 1839 1122 1922 ipse
1141 1838 1243 1903 truter
1257 1838 1381 1905 Como-

283 1940 341 2005 liae
356 1940 462 2018 illius,
484 1938 583 2024 cujus
597 1942 736 2003 mortem
752 1936 953 2019 Propertius
977 1944 1127 2003 extremo
1149 1940 1236 2005 libro
1259 1950 1381 2024 quurto

283 2047 352 2106 tmn
367 2041 514 2123 graviter
529 2038 676 2119 deflevit,
691 2039 831 2119 consule
845 2057 914 2122 quo
926 2038 1020 2117 {acto
1034 2040 1092 2103 illu
1106 2044 1237 2104 mortun
1248 2050 1311 2122 est,
1325 2058 1380 2107 ee-

284 2142 429 2206 cundum
443 2161 492 2207 vs.
506 2139 561 2205 66.
577 2139 671 2204 illins
686 2139 812 2221 Elegiae
829 2156 869 2203 ιι.
891 2148 929 2205 nt
944 2140 1029 2204 adeo
1044 2146 1175 2223 tompus
1189 2142 1380 2225 scriptionis

283 2242 382 2325 hujus
396 2239 561 2306 Carminis
575 2240 727 2323 lugubris
743 2240 779 2303 in
799 2239 885 2303 hunc
906 2240 1018 2324 ipsum
1033 2258 1157 2305 annum
1168 2239 1314 2306 incidere
1330 2243 1380 2306 νὶ-

284 2342 414 2409 deutur.
459 2341 560 2406 Peter
574 2339 650 2424 ejus
665 2338 783 2424 Scipio
797 2340 860 2405 luit
880 2340 1070 2406 consuleris
1083 2340 1152 2419 ille,
1174 2343 1231 2407 cui
1245 2342 1380 2408 Scribo-

283 2446 385 2522 nium,
415 2452 555 2508 matrem
581 2441 761 2520 Corneliae,
800 2439 940 2507 abduxit
963 2430 1171 2508 Octavianus
1196 2445 1379 2511 secundum

284 2545 380 2610 Suet.
397 2545 516 2609 Octuv.
529 2541 584 2608 62.
596 2562 640 2606 cx
656 2561 763 2626 cuque
777 2542 801 2607 J
802 2541 908 2606 ulium
922 2542 1074 2625 suscepit
1088 2542 1210 2622 filium3
1232 2564 1314 2610 mox
1328 2552 1379 2610 tn-

283 2665 369 2725 men,
384 2665 462 2711 cum
476 2644 592 2710 adum
615 2643 704 2708 lucto
728 2641 885 2719 divortio,
909 2643 1024 2706 stetim
1038 2638 1168 2707 Livium
1183 2643 1377 2722 Drusillam,

282 2747 494 2812 matrimonio
522 2743 599 2809 lib.
630 2742 787 2819 Neronis,
811 2748 846 2807 et
872 2743 1009 2826 quidem
1036 2743 1219 2826 mumdum,
1245 2747 1377 2831 eripuit.

285 2845 428 2912 Factum
441 2847 506 2911 hoc
522 2852 583 2922 est,
607 2843 788 2910 secundum
813 2843 970 2922 Dionem,
993 2842 1037 2908 Δ.
1052 2843 1096 2908 U.
1112 2843 1153 2908 0.
1167 2845 1242 2909 716.
1267 2849 1378 2911 oetutis

283 2946 427 3028 Augusti
440 2945 496 3012 26.
542 2945 643 3010 Hunc
658 2945 703 3011 ob
726 2963 864 3009 causum
878 2943 1036 3009 Cornelis
1059 2963 1097 3008 se
1119 2950 1218 3010 vocnt
1231 2965 1377 3011 sororem

282 3047 386 3114 Juliae
400 3065 450 3110 νε.
464 3047 518 3112 69.
564 3047 735 3132 Nupserut
754 3065 836 3111 vero
856 3046 978 3111 Paullo
998 3046 1137 3111 AEmilio
1151 3046 1298 3131 Lepido,
1319 3049 1378 3132 qui

282 3147 327 3214 A.
341 3143 388 3212 U.
403 3147 477 3213 732.
509 3147 557 3212 ll.
582 3149 727 3214 Claudio
753 3147 918 3213 Marcello
938 3148 1096 3213 AEserino
1119 3155 1154 3214 et
1176 3147 1215 3212 L.
1236 3148 1379 3215 Aruntlo

284 3247 385 3315 Coss.
401 3269 476 3315 cum
491 3249 530 3316 Ic
540 3249 704 3318 Munscio
716 3250 847 3315 Plnnco
857 3250 1061 3327 censorsuit,
1072 3249 1163 3333 quod
1176 3259 1212 3314 et
1223 3249 1379 3316 Cornelis

283 3351 389 3416 innuit
403 3369 453 3416 vs.
469 3351 523 3415 41.
537 3357 572 3416 et
584 3353 638 3418 67.
681 3351 766 3416 Tres
785 3349 906 3413 hebuit
916 3348 1040 3415 liberos
1058 3349 1119 3436 (cl.
1133 3371 1183 3415 νε.
1197 3351 1277 3431 61.),
1292 3352 1378 3416 duos

283 3450 374 3515 filios
399 3451 564 3536 Lepidum
589 3461 624 3517 et
645 3451 800 3515 Paullum
831 3448 891 3534 (cf.
912 3469 963 3514 νε.
984 3449 1058 3534 63.)
1082 3471 1246 3536 unamque
1262 3452 1376 3517 filium.

284 3551 419 3617 Mortuo
433 3571 512 3617 vero
528 3561 580 3617 est
601 3553 676 3617 hoec
692 3550 849 3616 Cornelia
863 3551 953 3615 houd
967 3551 1067 3616 dubie
1080 3553 1170 3618 circu
1184 3555 1282 3618 finem
1297 3553 1377 3618 unni

282 3653 501 3738 prsooedentis
514 3655 589 3720 767.
633 3651 793 3733 Namque
813 3670 855 3716 eo
873 3651 1049 3717 manifesto
1068 3653 1196 3719 ducunt
1210 3657 1312 3720 verbs
1324 3656 1378 3738 ip-

282 3756 354 3819 sius
370 3754 535 3820 Comelim
549 3773 599 3818 νε.
614 3753 668 3817 65.
689 3772 743 3834 sq.
767 3751 952 3816 ‘Vidimus
965 3761 1002 3817 et
1024 3752 1157 3818 fiunem
1180 3755 1298 3820 sellum
1322 3775 1379 3837 gc-

281 3857 425 3922 minusse
440 3855 608 3933 cu-mlcm3
631 3851 780 3917 Consule
792 3872 860 3937 quo
874 3854 967 3920 fecto
981 3861 1135 3936 tempore
1148 3863 1249 3938 rupta
1262 3855 1377 3921 soror!
1502 3848 1503 3857 ’

280 3961 290 3991 ‘
304 3957 484 4025 Geminntu
491 3954 723 4022 sellucurnlis'
736 3955 822 4019 nihil
837 3955 930 4020 uliud
944 3954 1134 4037 significare
1144 3965 1376 4040 potestquum

280 4058 416 4123 fiunem
432 4056 667 4122 Cornelianis
687 4057 916 4138 magistratum
934 4056 1084 4120 cosulem
1102 4055 1255 4138 gessisse,
1270 4057 1377 4120 sedili-

281 4163 382 4222 tutem
397 4175 515 4240 nempe
526 4161 561 4221 ct
576 4163 775 4240 praeturam3
797 4156 869 4236 scd,
884 4174 959 4220 cum
969 4155 1041 4239 jum
1055 4156 1172 4220 consul
1183 4155 1375 4238 designatus
