3034 4775
599 341 670 391 mn
694 343 716 391 1.
742 342 848 391 unae.
871 327 923 393 11.
966 351 968 354 ·
1247 328 1311 395 187

199 485 333 571 [Nostri
348 505 430 553 curu
442 488 535 553 subit
546 506 721 567 memores,
737 489 800 555 ub!
823 476 943 555 ducere
957 490 1102 555 noctesi
1289 490 1312 553 6

253 589 382 674 Ecquis
395 590 431 654 in
446 598 585 655 externo
598 595 705 655 restet
717 608 831 657 amore
844 591 962 655 locuni

211 738 286 803 rsnis',
300 752 363 787 esra
379 742 415 789 esi
434 742 512 788 socies
527 740 602 788 rostri
617 751 729 788 mensores
745 736 897 799 transigere?
929 739 1044 793 Qaaeram
1055 750 1117 788 reru
1132 742 1237 802 superesi
1253 752 1312 803 pers

669 865 850 885 “euoenon

210 946 297 998 miror.
321 946 450 1011 ,Vulgare
460 946 524 997 lect.
533 946 756 1011 interpretstionis
766 946 850 996 lucem
862 942 996 995 uil'uudere
1003 950 1112 995 cunutus
1124 951 1165 996 est
1175 944 1311 995 Turnebus

211 1023 251 1060 xr.
269 1009 337 1061 Adv.
347 1015 389 1063 14.
406 1019 434 1060 et
445 1026 477 1059 en
497 1012 593 1061 licand.
604 1012 705 1062 censuit
720 1011 753 1059 de
765 1008 906 1074 msguificis
920 1011 997 1073 siliis,
1007 1024 1072 1073 quus
1083 1009 1194 1059 Romani
1205 1010 1313 1061 nobilio·

211 1088 252 1124 res
264 1088 313 1124 uon
326 1082 425 1125 tantum
439 1074 471 1125 ad
514 1075 622 1137 imnum,
634 1075 715 1139 jactis
726 1075 752 1125 iu
764 1077 842 1124 altum
858 1074 977 1139 molibus,
986 1074 1125 1133 habebant,
1135 1074 1182 1123 sed
1199 1082 1227 1125 et
1236 1074 1313 1125 unes

180 1190 182 1197 ,
209 1138 414 1204 pronsnipssn
424 1146 504 1205 atque
514 1140 581 1191 adeo
599 1140 708 1204 Epirum
724 1139 929 1204 possessionibus
946 1144 1147 1215 occupaverunt,
1162 1139 1242 1188 etita
1259 1154 1312 1189 nou

210 1210 310 1253 tautum
321 1218 391 1253 unsre
406 1204 439 1252 sd
448 1204 578 1279 blisenurn
590 1203 725 1267 tenebunt,
735 1204 783 1253 sed
794 1204 874 1282 etiam
884 1204 1046 1279 ilresprotrre
1062 1216 1171 1266 reguum
1181 1218 1255 1253 suurn
1273 1202 1312 1280 ie·

210 1266 1313 1406 itia,tricliniis:iillelmiinsiluerit

212 1394 314 1459 telligit,
324 1409 383 1445 cum
395 1396 485 1446 scribit
496 1397 580 1446 iocum
589 1396 657 1446 hune
668 1396 798 1445 immerito
809 1396 870 1444 viris
886 1394 986 1469 mugnis
998 1401 1129 1457 negotium
1139 1392 1313 1456 facessivssse,

210 1464 237 1533 et
251 1473 358 1524 regnum
376 1460 514 1537 lbesproti
525 1459 659 1524 intelligit,
669 1458 737 1523 qnod
755 1458 787 1533 eb
804 1457 959 1517 ibantibus,
976 1458 1020 1534 qui
1037 1465 1116 1506 antea
1131 1458 1313 1522 'I'besprotiam

209 1524 383 1636 'trilici’
393 1522 1314 1650 iiiiii1¹32distulerit?‚ztitllilgtffqttl'iii‘iiultli

209 1600 255 1699 fils
264 1652 322 1700 ioca
331 1650 481 1713 Campania
492 1651 633 1712 tenuerint,
643 1664 701 1700 cum
713 1649 812 1699 scribet
822 1646 918 1699 Strabo
930 1648 1104 1723 Graecusesse
1116 1661 1158 1723 res
1168 1648 1313 1713 Campano·

210 1726 277 1775 rum,
287 1712 440 1778 Grecisque
449 1715 594 1777 permistas.
613 1712 702 1775 Kuin]
731 1713 849 1776 Scaliger
857 1714 883 1762 iu
895 1711 931 1762 N.
942 1711 976 1761 ad
988 1712 1071 1761 Culrc.
1082 1712 1107 1760 iu
1118 1712 1220 1761 dissenis
1229 1714 1312 1763 nobili·

209 1776 571 1841 busubintelligiturbibum
587 1777 665 1828 ethis
682 1776 792 1827 Misenis
809 1776 915 1827 urbibus
926 1776 1123 1840 comprehendit
1139 1790 1228 1826 omues
1245 1777 1313 1839 illas,

230 1854 269 1889 uos
286 1840 312 1888 iu
329 1846 416 1890 tractu
435 1842 609 1905 Neapolitano
629 1848 716 1903 erant,
731 1842 837 1902 Cumas,
853 1841 943 1904 Baias,
962 1840 1095 1902 Puteolos,
1111 1846 1138 1889 et
1155 1854 1204 1903 per
1218 1856 1313 1905 equore

261 1905 336 1967 spreti
351 1918 425 1967 regne
438 1905 532 1955 subdito
545 1906 638 1967 omnis,
655 1921 713 1969 quae
730 1905 764 1955 ub
775 1904 922 1954 Abantibns
940 1904 992 1954 illis
1009 1905 1037 1954 iu
1047 1904 1168 1967 Magnam
1179 1905 1312 1957 Greciaru

210 1968 396 2031 emigrantibus
415 1982 479 2018 occu
500 1978 544 2020 ata
566 1970 680 2021 fueruat.
713 1968 765 2018 Sed
776 1970 821 2018 bus
831 1969 956 2031 scaligeri
966 1968 1033 2018 obss.
1045 1982 1097 2017 nou
1107 1970 1162 2017 siue
1175 1969 1312 2019 verborum

208 2032 390 2096 ameritudine,
403 2034 524 2098 quaVrro
534 2034 644 2083 maximo
655 2034 778 2084 insultare
790 2033 865 2082 Italis
876 2033 955 2082 etiarn
966 2032 1123 2082 doctissimis
1133 2030 1255 2096 frequens
1265 2039 1314 2096 est,
1409 2060 1413 2065 ⁴

209 2096 285 2160 longa
297 2097 458 2161 digressione
469 2098 609 2163 castigavit
620 2098 743 2148 Camillus
754 2097 910 2160 Peregrinus
920 2098 946 2146 in
958 2096 1099 2160 Campania
1110 2096 1198 2145 Felice
1209 2097 1277 2145 Dies.
1287 2102 1313 2148 2.

210 2164 252 2209 lt.
268 2175 294 2224 p.
305 2166 362 2213 les.
381 2167 410 2212 et
427 2176 499 2227 seqq.
511 2167 531 2213 t.
543 2176 584 2213 ιι.
600 2178 626 2227 p.
644 2166 684 2212 ll.
700 2162 777 2212 ibes.
789 2161 850 2212 Ital.
861 2161 905 2226 qui
916 2162 943 2209 in
954 2160 980 2211 b.
997 2159 1130 2223 Propertii
1144 2160 1204 2210 ioco
1219 2160 1313 2210 substi-

209 2225 298 2273 tueud.
309 2233 402 2276 censet
412 2226 448 2275 Et
465 2230 533 2277 modo
546 2226 671 2291 Tisspoto:
689 2232 717 2275 et
727 2226 855 2289 i'irerpotos
870 2240 901 2275 se
912 2225 1053 2287 Thespiades
1062 2223 1134 2274 eosd.
1145 2222 1226 2285 iscit3
1243 2225 1312 2288 quod

208 2289 314 2401 piscinam
333 2303 408 2356 posse
425 2290 468 2339 rix
485 2290 583 2353 credo;
600 2304 697 2355 eosque
718 2303 799 2353 genus
817 2290 977 2341 deducentes
994 2303 1010 2337 s
1028 2287 1134 2352 Tisespii
1149 2286 1263 2352 filiabus,
1279 2289 1311 2339 ab

239 2353 326 2404 ercule
346 2355 491 2419 amatis,en
506 2355 626 2406 Sardinia
644 2354 671 2406 iu
690 2354 814 2418 Magnum
832 2354 961 2405 Grecisrn
979 2368 1007 2402 se
1027 2354 1178 2416 contulisse,
1196 2358 1225 2403 et
1241 2355 1313 2403 circs

210 2415 303 2467 Cumas
314 2420 462 2469 consedisse
481 2419 627 2482 contendit,
646 2415 705 2468 ideo‘
725 2433 757 2468 ue
776 2419 810 2468 sd
826 2420 893 2467 sulas
906 2419 1002 2467 Crrmss
1017 2417 1063 2466 hos
1079 2417 1212 2481 Propertii
1223 2432 1314 2468 versus

209 2479 298 2531 refert.
331 2483 396 2531 Mun
413 2497 445 2533 ex
464 2491 515 2533 tam
537 2483 640 2533 diverso
660 2435 819 2532 eruditorum
842 2481 971 2530 bominum
992 2482 1123 2532 melimine
1141 2496 1197 2544 pra
1219 2482 1315 2532 ceteris

209 2544 321 2606 primaru
333 2546 474 2609 proeripere
495 2545 598 2597 videtur
618 2546 776 2607 sannazarii,
796 2543 880 2608 pedire
898 2544 1073 2608 Neapolitani,
1089 2552 1118 2593 et
1128 2550 1228 2594 tractus
1242 2545 1313 2595 iilius

209 2609 369 2670 peritissimi,
380 2611 541 2673 conjectura,
556 2610 699 2674 prasertim
715 2614 817 2658 cum‘te
832 2609 962 2671 Prselrytae
976 2621 1028 2656 uon
1046 2608 1155 2657 muitum
1172 2607 1281 2658 recedat
1296 2623 1313 2658 s

210 2669 291 2722 ductu
302 2672 436 2724 literarum
450 2675 477 2723 in
490 2674 610 2735 Tesprotr',
619 2675 671 2734 rel,
689 2680 718 2722 ut
734 2672 872 2737 seperatim
892 2673 918 2720 iu
930 2671 995 2721 Μιι.
1007 2678 1035 2720 et
1052 2685 1092 2734 pr.
1103 2670 1163 2721 edd.
1174 2671 1279 2733 legitur,
1287 2677 1312 2722 ts

207 2738 273 2798 proti
280 2753 290 2796 ,·
306 2737 372 2788 udeu
383 2745 413 2787 ut
424 2737 502 2801 digus
512 2737 632 2787 rideatur
644 2738 670 2822 ¹¹}
680 2743 830 2814 contextum
842 2735 963 2810 admittip
978 2741 1015 2791 et,
1026 2748 1059 2810 ne
1071 2734 1128 2808 quis
1138 2733 1170 2783 sd
1184 2735 1313 2798 Presbyter

208 2796 1001 2927 {inlisiisrtslibiitenriitulentilli
1008 2797 1315 2922 1111111111

210 2925 254 2988 qui
265 2927 303 2974 sic
315 2927 342 2975 iu
353 2940 399 2976 sno
416 2925 552 2976 invenerat
569 2924 671 2986 codice,
682 2926 790 2989 ejusque
807 2925 964 2974 atteteritste
976 2923 1012 2974 sic
1029 2923 1142 2973 edidisse
1157 2876 1313 2976 ssmnkbssi·

211 3001 270 3049 um;
287 3003 345 3038 curn
367 2997 454 3039 tamen
473 2992 502 3039 iu
517 2989 637 3040 omuibus
653 2989 718 3038 Mes.
730 3003 837 3052 qnorum
853 2988 1005 3037 collationes
1019 2987 1134 3050 adnisui,
1149 2995 1221 3054 quet.
1237 2989 1313 3039 Voss.

211 3052 303 3104 Leidd.
313 3054 416 3104 Dorrv.
434 3068 465 3104 ae
476 3055 548 3116 meis,
558 3055 641 3118 liegg.
649 3053 776 3116 Groniug.
788 3055 863 3104 Borr.
872 3053 1030 3116 ceterisque,
1041 3052 1105 3100 item
1112 3067 1154 3116 pr.
1162 3061 1191 3104 et
1204 3055 1315 3119 antiqui·

210 3116 299 3167 oribus
310 3118 371 3168 edd.
382 3119 446 3168 miro
457 3133 583 3168 consensu
593 3119 693 3182 legatur
702 3117 819 3166 Proxima
829 3118 930 3166 Misenis
939 3130 1034 3180 aeqsura
1041 3117 1164 3167 nobilibus.
1186 3119 1313 3169 Veterem

210 3181 273 3234 lect.
285 3182 424 3233 revocanti.
434 3183 516 3234 duxi?
533 3184 617 3233 Βιιιιιι.
654 3185 662 3210 ‘
675 3182 808 3246 Repetitio
817 3183 861 3231 τοῦ
870 3182 905 3230 lit
915 3183 982 3230 nodo
998 3181 1140 3230 orationem
1158 3183 1239 3245 magis
1250 3183 1314 3232 virl-

210 3245 269 3296 dam
285 3247 383 3307 reddit,
402 3253 430 3298 et
440 3247 571 3308 Propertii
580 3247 659 3334 genio
670 3247 791 3310 apprime
801 3245 957 3296 couveniens
974 3252 1025 3294 est.
1057 3245 1131 3308 Loci,
1142 3260 1207 3311 qnos
1222 3247 1312 3297 Buras.

209 3309 309 3374 laudat,
325 3313 352 3361 in
367 3312 460 3377 quibus
477 3312 574 3362 ‘modo
603 3312 682 3361 semel
699 3317 801 3361 tanturn
822 3310 946 3371 occurrit,
961 3311 997 3374 (1.
1008 3312 1048 3359 11.
1059 3317 1088 3359 at
1098 3313 1124 3358 ³.
1135 3309 1180 3375 tl)
1195 3310 1259 3360 nibil
1278 3311 1312 3362 ad

210 3375 329 3424 Proximo
339 3376 524 3440 comprobnnd.
539 3375 646 3437 iaciunt,
657 3391 714 3440 qurs
731 3375 836 3425 omnino
849 3373 1040 3439 agrammatlco
1054 3373 1161 3436 margini
1170 3375 1312 3488 ascrixturs

210 3437 289 3487 inisse
308 3439 430 3490 videtur!
452 3440 530 3489 Krios.
562 3441 647 3492 Quem
665 3439 771 3489 Lachne.
788 3441 876 3489 valere
892 3439 977 3502 jubet·
1012 3438 1129 3487 Prasino
1145 3437 1213 3492 Bon.
1258 3439 1312 3489 idd.

211 3501 296 3554 Celin.
309 3505 496 3555 binnceteroe.
533 3505 575 3553 Pr.
588 3505 699 3554 dimersis
708 3505 844 3553 venenet
861 3505 933 3552 Brix.
962 3501 1155 3551 Pessinunte
1169 3501 1210 3551 ed.
1221 3502 1311 3552 Grau.
1409 3509 1416 3526 ⁸

213 3565 246 3614 i'e
255 3565 383 3631 Proripite
400 3568 569 3619 latinitatem
581 3581 702 3631 respuere
712 3573 803 3617 censet
811 3567 915 3616 [sebur.
928 3572 1017 3615 tuetur
1029 3564 1162 3615 Psrrbasii
1181 3565 1313 3626 coniectu·

211 3644 275 3693 ram,
286 3639 314 3680 et
331 3631 450 3682 exbibet:
476 3633 623 3682 Etmedois
639 3631 722 3680 Protei
739 3647 771 3680 ιιι.
787 3646 808 3681 ι.
823 3645 898 3692 regno
914 3627 1030 3678 Proxima
1047 3630 1085 3679 Μ.
1098 3627 1310 3678 a.solttirsn-s

210 3697 218 3724 ⁶
231 3694 362 3746 merere
374 3697 399 3744 iu
419 3695 499 3747 blein.
517 3701 653 3759 repeteret
663 3695 836 3755 Passeratius,
848 3693 917 3757 quod
932 3699 960 3741 at
975 3706 1064 3742 rerum
1081 3700 1110 3741 et
1121 3699 1240 3756 apertum
1251 3705 1311 3755 pro-

211 3761 324 3811 nuntiat.
357 3759 415 3823 Ege
425 3761 494 3810 inter
512 3767 684 3809 retameutnur
696 3767 760 3822 puto
772 3758 915 3821 msrgiuaie
925 3757 969 3804 rori
978 3759 1070 3806 durare.
1111 3757 1143 3805 Et
1154 3756 1193 3803 sic
1203 3763 1313 3807 censent

212 3821 302 3875 Barth.
320 3831 350 3874 et
367 3823 460 3888 linin]
486 3775 656 3886 Krilroniug.
669 3829 711 3873 est
727 3823 836 3886 mrem,
851 3820 920 3887 qnod
935 3821 1099 3870 uriuiuiunna
1117 3821 1139 3868 it
1155 3833 1171 3868 r
1186 3819 1311 3884 scaligeri

706 3947 817 4000 Noua

211 4045 274 4098 licat
284 4047 413 4097 Misenum
426 4048 576 4099 Porrumet
587 4047 740 4098 Premente·
777 4046 851 4109 jsuo,
869 4046 958 4095 AEsess
975 4042 1056 4104 sorio,
1072 4041 1127 4094 illio
1142 4043 1262 4108 sepulto:
1278 4051 1310 4099 ut

210 4121 277 4172 nuru
289 4122 508 4186 Comperimus
516 4122 605 4186 procul
614 4121 740 4184 senonim
781 4118 863 4172 ret'art
873 4119 967 4184 virgil.
978 4117 1089 4172 fuas.

211 4197 410 4250 uonenbabsus
421 4211 438 4248 s
448 4197 550 4250 Miseno
558 4197 667 4248 tibicine
674 4197 740 4250 Tm·
