3034 4775
554 398 605 454 na
628 404 850 454 ruossano.
909 424 938 447 ·.
1209 388 1255 455 63

361 545 498 613 »tostus
512 546 664 631 Lipsius,
679 546 798 633 Antiq.
812 547 908 616 Iect.
926 548 1032 615 rulo.

195 666 407 751 Propertium
438 667 498 750 qni
525 685 592 731 non
621 664 723 745 emet,
757 685 836 731 enm
873 666 1022 751 proiecto
1051 664 1163 733 Mnsoe
1189 686 1255 733 non

148 776 277 836 emant.
298 768 406 833 Tanta
419 769 492 852 ejus
502 788 654 833 versuum
664 770 816 834 suauitas
831 773 894 846 ost,
909 774 960 846 nt,
974 768 1256 853 quemadmodum

149 872 304 937 comicus
317 869 375 934 ille
389 871 448 947 ait,
463 871 510 934 nil
523 871 590 934 nisi
605 871 715 934 mulsa
735 869 830 953 loqui
853 860 1048 943 videantur:
1073 875 1168 935 unta
1183 889 1256 935 ern·

150 972 250 1051 ditio,
263 978 301 1037 ut
315 990 382 1036 non
395 972 462 1035 nisi
476 970 611 1036 Phoebo
627 970 775 1037 dictante
789 970 965 1036 credamus
979 976 1159 1056 exceptos.
1294 1051 1298 1057 ἱ

360 1139 482 1205 Daniel
499 1138 679 1216 Heinsius,
695 1138 852 1204 Dedicat
869 1134 1070 1203 Monobibli.

198 1259 294 1324 Idem
308 1258 342 1322 in
351 1256 521 1321 nonnullis
531 1262 643 1321 noster
654 1256 711 1320 ille
723 1254 924 1320 inaffectatae
934 1255 1110 1337 elegantius
1124 1253 1258 1321 aliocu-

150 1368 206 1429 tor
227 1358 380 1425 Catullus
401 1360 572 1442 praestitit,
595 1364 628 1422 et
648 1360 684 1422 in
710 1359 820 1441 primo
840 1358 925 1422 libro
946 1358 1096 1422 maxime
1112 1356 1258 1424 Umber:

152 1463 322 1547 quamvis,
336 1461 365 1525 si
380 1479 485 1525 unum
505 1460 660 1543 excipias
679 1458 829 1543 Elegiem
855 1464 914 1524 aut
934 1458 1081 1535 alterurn,
1096 1459 1208 1524 minus
1222 1461 1259 1525 in

151 1565 241 1627 hanc
264 1580 380 1629 curam
400 1561 569 1637 incubuit,
583 1561 772 1644 minusque,
801 1561 872 1624 sive
894 1565 987 1625 certo
1012 1559 1158 1643 judicio,
1185 1562 1259 1628 sive

70 1746 74 1753 Ι
153 1667 241 1731 alias
255 1671 382 1731 neturus
396 1682 514 1741 suasu,
535 1663 568 1727 in
590 1662 940 1746 propositopersistit.
985 1661 1130 1741 Quivit
1143 1684 1258 1730 curam

152 1772 191 1830 et
205 1783 339 1849 operam
358 1763 485 1846 ubique
508 1764 551 1827 ed
573 1762 738 1845 Elegiam,
764 1762 826 1828 sed
849 1769 885 1829 et
907 1764 1103 1847 gravitatem
1118 1766 1260 1832 admiru-

152 1868 260 1935 bilem
268 1887 338 1933 uon
352 1886 520 1950 nunquam
535 1864 687 1929 contulit

382 2062 385 2069 ·
500 2030 597 2107 Idem
610 2029 752 2109 Monob.
776 2030 871 2115 Eleg.
882 2032 916 2097 6.
1049 2068 1053 2077 ·

245 2148 321 2215 Neo
334 2148 411 2214 mod
416 2168 466 2227 us,
481 2157 542 2214 aut
554 2150 673 2215 blsndi
688 2169 822 2215 carmen
835 2152 976 2232 recitsrs
989 2151 1159 2237 Properti,

288 2250 400 2331 Quem
413 2251 500 2315 levis
513 2252 682 2334 impositis
695 2254 825 2334 pressit
838 2250 943 2317 Amor
956 2254 1118 2337 pedibus:

238 2354 319 2420 Sive
329 2352 429 2418 illum
443 2352 539 2418 molli
553 2351 670 2417 defixit
684 2349 830 2434 Cynthia
844 2370 974 2429 somno,

289 2454 491 2520 Horrentem
505 2459 599 2518 notes
609 2453 721 2536 jurgia
735 2453 895 2520 sevitie:

245 2554 315 2619 Seu
330 2573 407 2624 cnm
419 2573 486 2618 non
500 2553 617 2618 faciles
630 2553 807 2637 impugnet
821 2554 965 2620 carmine
979 2555 1099 2622 ualuas

180 2737 184 2742 Ι
288 2656 422 2734 Ebrius,
438 2659 471 2720 et
486 2655 577 2720 duris
592 2654 709 2719 oscula
724 2653 783 2718 dat
796 2655 955 2736 gradibus
970 2677 979 2720 z
1019 2708 1024 2719 .

245 2757 407 2824 Herculis
422 2761 480 2821 unt
493 2755 605 2838 magni
619 2759 739 2838 ruptos
755 2753 897 2820 deducit
910 2775 1054 2837 amores,

290 2858 516 2944 opprobrium
531 2859 635 2923 castis
650 2876 715 2921 non
728 2858 804 2922 leve
819 2856 973 2921 Naiusin.

246 2961 357 3037 Felix,
374 2961 446 3045 qui,
460 2959 576 3024 dulces
593 2978 692 3024 versn
706 2963 876 3024 mercatus
892 2977 1035 3039 amores,

291 3059 412 3126 Haeret
424 3059 462 3123 in
473 3058 615 3124 extincti
629 3058 764 3122 nomine
776 3056 996 3124 Callimachi:

249 3161 361 3241 Felix,
375 3163 408 3226 in
423 3161 530 3226 roseis
544 3180 677 3246 semper
689 3160 748 3245 qui
763 3165 917 3244 tempora
930 3160 1038 3239 sertis,
1116 3163 1122 3172 '

292 3263 400 3349 Inque
414 3262 592 3330 Philoteris
607 3283 741 3348 semper
755 3263 858 3331 habet
870 3261 977 3329 foliis.

500 3429 523 3496 J
526 3447 652 3495 oannes
668 3429 847 3494 Secundus
862 3447 886 3493 1.
902 3431 934 3494 7.

251 3547 344 3628 Non,
360 3547 442 3633 quia
456 3545 603 3631 Virgilio
618 3547 746 3632 primos
762 3548 931 3613 concessit
943 3547 1086 3615 honores

293 3651 489 3729 Posteritas,
505 3648 624 3715 Flacci
640 3651 772 3734 sprevit
785 3650 900 3735 inique
913 3649 1040 3732 lyram3

252 3749 322 3817 Ant
335 3753 422 3816 male
436 3751 564 3836 rejecit,
580 3772 682 3834 quem
696 3752 835 3836 'protulit
851 3750 1005 3829 Umbris,
1017 3757 1143 3827 vetem,

294 3852 378 3917 Sola
391 3857 448 3917 cni
460 3850 757 3940 longnmUCynthia
771 3873 905 3919 carmen
918 3859 999 3919 erat.

622 4002 719 4070 Idem
735 4019 775 4068 11.
789 4004 821 4068 l.

253 4119 283 4182 0
299 4125 426 4186 tuntum
438 4121 568 4200 sauses,
583 4119 703 4187 Umbri
717 4121 805 4185 levis
818 4121 938 4184 umbra
949 4115 1075 4200 potitis,

296 4221 441 4306 Cynthia
454 4225 485 4288 si
499 4229 615 4290 nostro
630 4241 765 4306 semper
779 4223 813 4284 in
830 4239 887 4286 ore
903 4225 1010 4285 sonat.
