3034 4775
247 322 269 383 6
691 334 901 384 snessrro.

244 477 349 554 ribus,
379 462 608 561 et'splendore
628 478 729 559 qnasi
756 478 899 543 nominis
922 478 1171 544 Broultbnsiani
1199 482 1343 546 omnium

244 578 335 644 oculi
356 578 683 662 praestringerentur3
705 598 897 663 quanquam
908 579 983 665 jam
999 587 1075 646 ante
1098 580 1345 647 Broukbusium

245 678 422 744 Gabbema
434 698 566 763 quoque
591 678 840 762 Scaligeranum
861 681 1012 747 ordinem
1034 684 1229 767 adoptarat,
1250 684 1347 766 cujus

244 782 329 847 iorte
344 778 540 845 auctoritate
561 798 636 843 sese
651 781 777 845 munire
796 800 837 846 ac
852 782 1031 848 defendere
1045 785 1156 867 potuit
1173 784 1346 849 Bmukbu-

245 884 326 947 sius.
371 880 561 963 Utcumque
583 880 640 959 sit,
661 880 750 946 illius
765 883 815 947 rei
837 884 939 967 culpa
959 884 1104 949 maxime
1125 884 1348 950 transferenda

245 982 377 1049 ridetur
391 984 425 1047 in
441 981 662 1063 Scaligerum,
675 984 803 1067 quippe
817 1003 915 1068 aquo
928 984 1057 1050 fredum
1065 987 1148 1051 illud
1163 992 1197 1053 et
1204 988 1347 1070 capitale

246 1083 422 1149 dissidium
430 1082 625 1159 editionum,
633 1086 939 1168 tanquamaprimo
947 1085 1241 1164 fontederivatum,
1250 1087 1350 1153 duxit
1400 1093 1404 1097 ’

248 1186 348 1249 etiam
366 1184 401 1249 in
415 1190 545 1249 ceteras
568 1184 644 1249 add.
659 1193 782 1268 praeter
797 1186 870 1270 jam
884 1188 1081 1267 nominatas,
1096 1188 1349 1270 Gottingensem

248 1286 344 1349 1742.
369 1292 405 1349 et
419 1284 611 1351 Parisiuam
626 1287 704 1351 anni
716 1286 814 1353 1743.
834 1293 871 1352 ut
889 1307 935 1351 ex
953 1307 996 1352 eo
1011 1288 1090 1353 inde
1107 1294 1255 1372 tempore
1270 1278 1360 1355 duai-

248 1387 346 1469 quasi
368 1386 505 1453 familiae
529 1387 711 1454 editionum
735 1389 981 1455 constituendae
1001 1370 1188 1468 videantira
1212 1410 1350 1474 quarum

248 1487 327 1553 alise
337 1489 493 1553 codicum
503 1498 639 1555 servant
648 1490 811 1569 ordinem,
822 1491 901 1557 alias
908 1492 1190 1575 transpositiones
1199 1491 1351 1571 Scalige-

247 1608 348 1655 ranas
362 1596 555 1673 sequuntur.
587 1588 741 1656 Ceterum
751 1612 851 1657 nemo
865 1611 933 1657 non
950 1593 1053 1676 paulo
1061 1593 1175 1657 sanior
1189 1600 1225 1657 et
1232 1594 1350 1657 mode·

248 1691 353 1755 ratior
371 1690 518 1756 Criticus
536 1692 727 1757 subscribet
745 1713 880 1776 quoque
901 1693 1062 1759 salmasii
1079 1694 1213 1779 judicio
1228 1696 1265 1759 in
1279 1692 1350 1758 Ob·

250 1798 388 1856 servatt.
404 1792 448 1856 ad
464 1792 525 1876 jus
539 1791 644 1857 Attio.
664 1812 697 1875 p.
713 1793 789 1858 408.
802 1794 853 1859 ita
868 1795 1064 1859 scribentis:
1086 1794 1204 1859 ‘Nibil
1218 1803 1351 1859 mutan·

250 1894 330 1959 dum
359 1898 413 1959 est
441 1894 475 1957 in
504 1894 643 1978 scriptis
673 1902 861 1973 auctorum,
887 1914 950 1961 nec
976 1896 1257 1981 transponendum
1278 1897 1351 1961 sine
1394 1936 1398 1940 -
1501 1905 1502 1978 t

250 2012 372 2075 magna
385 2014 503 2075 causa,
517 1996 688 2080 precipue
699 1996 731 2061 si
745 2002 897 2062 veterum
913 1998 1073 2062 librorum
1088 1998 1271 2063 auctoritas
1285 2014 1352 2062 non

251 2095 454 2179 suffragetur.
497 2097 582 2163 Vidi
596 2100 720 2165 multas
738 2098 941 2165 Gritieoram
954 2119 1055 2183 pares
1068 2100 1352 2184 transpositiones

249 2196 283 2259 in
313 2198 391 2264 aliis
419 2200 614 2265 auctoribus
643 2201 796 2266 similiter
832 2201 1082 2279 hariolantium,
1115 2220 1202 2285 quos
1234 2218 1353 2265 omnes

251 2298 357 2363 salsos
373 2291 450 2364 esse
465 2300 545 2365 mibi
560 2305 705 2379 constat,
722 2303 756 2365 in
772 2300 930 2379 Horatio,
945 2302 981 2365 in
994 2300 1149 2377 Manilio,
1160 2302 1196 2363 in
1208 2300 1352 2383 Proper·

239 2387 310 2476 tio,
324 2411 359 2465 et
380 2401 477 2468 aliis!
521 2402 562 2466 In
583 2402 636 2480 iis,
658 2403 718 2485 qni
740 2402 784 2468 de
798 2403 978 2486 Propertio
993 2402 1135 2486 ejusque
1149 2402 1353 2466 carminibus
1369 2473 1375 2480 ¹

252 2501 336 2566 bene
351 2503 461 2567 meriti
475 2510 563 2582 sunt,
583 2503 657 2587 jam
672 2503 868 2569 nominandi
882 2505 1018 2569 veniunt
1033 2504 1175 2580 Dousae,
1191 2502 1355 2585 imprimis

254 2601 383 2667 Filius:
412 2623 522 2686 neque
544 2611 656 2669 tamen
677 2603 732 2668 bic
759 2603 878 2669 multis
900 2605 1084 2670 instructus
1109 2603 1285 2668 codicibus
1310 2603 1354 2676 ad

252 2703 341 2768 bunc
357 2725 433 2770 sese
448 2706 600 2772 laborem
622 2705 782 2782 accinxit,
804 2706 896 2772 sicut
916 2706 992 2788 ipse
1005 2705 1131 2769 latetur
1144 2705 1181 2774 in
1195 2703 1297 2769 Prtei.
1311 2704 1355 2770 ad

254 2801 405 2889 Conject
420 2812 454 2871 et
469 2807 570 2876 Nott.
587 2807 623 2871 in
646 2806 721 2872 Cat
748 2805 827 2871 Tib.
851 2806 1081 2888 Propertium:
1119 2805 1183 2869 ‘ln
1204 2805 1356 2870 rimanda

254 2907 524 2992 explicandaque
540 2909 716 2986 sententia,
730 2926 833 2991 quam
852 2907 1087 2991 conquirendis
1102 2906 1203 2971 variis
1216 2910 1250 2971 et
1261 2925 1355 2991 steps

254 3009 352 3074 vanis
366 3008 462 3074 lectt.
477 3010 668 3093 diligentior
681 3009 743 3087 ini,
759 3011 888 3074 nullum
903 3009 973 3074 sere
987 3010 1100 3074 locum
1113 3008 1180 3072 nisi
1195 3007 1271 3072 vitii
1284 3027 1357 3072 ma·

253 3108 417 3174 sitsstum
432 3110 602 3174 solicitar'e
616 3129 733 3187 ausus,
748 3111 935 3192 praesertim
948 3111 979 3174 si
992 3109 1118 3175 veteris
1130 3106 1260 3172 codicis
1275 3126 1357 3173 auc-

254 3211 372 3276 toritas
385 3211 547 3293 praetendi
561 3229 629 3275 non
642 3217 788 3294 poterat,
803 3215 1024 3295 utnusquam
1037 3210 1127 3289 fere;
1141 3209 1208 3274 nisi
1221 3210 1307 3274 sorte
1321 3209 1358 3272 in

255 3309 432 3396 Propertio
446 3313 532 3391 solo,
553 3315 589 3377 in
603 3332 671 3397 quo
691 3313 736 3378 ad
750 3332 871 3378 manus
885 3313 989 3378 habui
1003 3311 1181 3376 nonnullas
1194 3310 1358 3375 variantis

255 3414 430 3498 scripturae
444 3415 642 3480 collationes
663 3433 683 3477 e
697 3414 825 3498 scripto
839 3413 1027 3496 exemplari
1037 3412 1112 3495 jam
1123 3411 1203 3475 olim
1219 3429 1359 3494 excorp-

255 3521 309 3580 tas
325 3515 545 3580 aclarissimo
561 3515 682 3580 Modio
693 3522 729 3580 et
740 3515 783 3578 ad
796 3514 933 3581 Patrem
948 3514 1087 3577 missas:
1110 3513 1236 3595 quibus
1247 3519 1360 3576 tamen

256 3618 365 3682 minus
380 3637 475 3702 saepe
489 3637 572 3683 usus
587 3637 673 3695 sum,
697 3637 761 3682 nec
776 3616 845 3680 nisi
866 3616 924 3679 ubi
938 3615 1107 3680 sententia
1130 3614 1165 3677 id
1188 3613 1359 3696 postulare

257 3705 360 3804 atque
385 3721 488 3784 etiam
511 3719 695 3801 efflagitare
724 3718 924 3784 videbatur?
968 3714 1089 3781 Nihilo
1111 3721 1223 3779 tamen
1247 3714 1361 3778 secius

256 3823 368 3903 negari
383 3821 510 3905 nequit,
524 3822 611 3886 banc
627 3821 807 3886 editionem
821 3839 939 3884 omnes
953 3815 1199 3892 antecedentes,
1224 3831 1361 3879 accura-

257 3921 346 3987 tione
367 3923 403 3987 in
416 3922 630 3987 emendandis
645 3925 791 3988 maxime
805 3922 898 3988 vitiis
912 3921 1132 3994 librariorum,
1154 3917 1258 3998 longo
1281 3920 1363 3999 post

259 4042 297 4088 se
313 4025 425 4107 spatio
439 4025 630 4108 reliquisse.
674 4023 868 4102 Proximus,
890 4024 948 4106 qui
973 4019 1151 4103 Propertio
1172 4036 1241 4082 non
1253 4017 1363 4100 prole-

259 4125 380 4188 latiam
388 4125 526 4190 navavit
534 4144 681 4208 operam,
690 4131 744 4192 est
752 4125 808 4190 Jo.
819 4124 1002 4201 Livineius,
1020 4117 1365 4196 Gandensis,Laevini
