3034 4775
260 384 307 449 et
574 392 809 447 unsrruosrs
834 394 881 443 ιι
901 394 1057 445 soulers

346 542 400 607 Tu
414 545 518 627 eaput
529 540 596 607 hun
607 541 735 607 eiromn
750 539 870 623 pendis
883 538 1017 623 allapsu
1031 535 1163 603 nonest·

388 644 458 709 'l'er
469 650 598 728 strepe,
611 642 833 728 procumbam
846 645 898 707 ter
911 642 1000 707 bona
1011 642 1112 705 vebs
1126 658 1258 707 cauam.

349 746 495 824 Deinde,
509 745 568 809 ubi
584 742 758 809 Paneheou
773 742 952 809 fumaverit
965 760 1024 807 ura
1037 760 1178 825 uapore,

392 848 568 915 Plseatum
584 844 709 911 lethes
721 850 756 910 et
767 844 848 909 mibi
861 862 981 909 numen
993 844 1076 924 erit3

349 950 531 1036 Aspemum
544 948 645 1015 luetis
658 947 762 1013 niveo
775 955 810 1012 te
821 966 895 1012 rore
907 947 1089 1023 remittam,

392 1052 539 1137 Cynthia
552 1070 593 1116 ne
607 1068 689 1115 earo
703 1060 782 1117 vate
795 1051 841 1115 sit
854 1049 937 1115 orbs
950 1050 1017 1115 diu.

700 1222 797 1288 Idem
812 1236 872 1285 ιιι.
890 1222 924 1287 t.

350 1358 498 1445 Cynthia
510 1356 645 1436 deinde,
660 1362 780 1441 potens
793 1354 902 1420 oculis
918 1352 1150 1438 jaculantibus
1164 1354 1287 1437 ignem,

392 1460 616 1547 Subsequitur
630 1459 703 1526 coa
717 1456 857 1523 mobilis
870 1457 904 1523 in
918 1456 1047 1522 tuniea.

349 1562 441 1631 Hune
454 1560 586 1628 domuit
598 1562 727 1640 tortem,
742 1564 938 1642 tectumque
951 1555 1116 1641 Cupidine
1129 1556 1233 1634 nollo,

391 1664 436 1731 Et
450 1665 557 1730 iustus
572 1663 718 1748 spolium
734 1661 826 1727 celsa
839 1660 965 1724 tuentis
978 1656 1092 1723 habet

348 1766 402 1832 'l'u
417 1784 565 1850 quoque,
581 1766 639 1849 qui
652 1784 780 1841 cemes,
794 1780 881 1827 eave
893 1781 935 1826 ne
946 1760 1084 1826 lmduris
1098 1760 1142 1824 nb
1156 1758 1234 1823 illa:

393 1868 510 1952 Spirat
522 1867 631 1932 adbuc
645 1868 811 1943 flammas,
827 1871 863 1929 et
877 1883 940 1930 sua
952 1864 1019 1930 tela
1033 1864 1127 1945 gerit.

470 2036 602 2122 Caspar
617 2036 815 2123 Scioppius,
828 2033 1014 2103 Verisimil.
1030 2050 1087 2098 ιιι.
1101 2033 1156 2100 10.

308 2172 485 2259 Propertio
497 2180 602 2258 caput
620 2172 687 2239 hoc
706 2192 728 2238 a
744 2175 842 2239 nobis
856 2172 1000 2249 dabitur,
1014 2188 1125 2255 neque
1140 2168 1174 2235 id
1190 2168 1368 2235 immerito.
1497 2121 1498 2154 ᾖ

264 2274 390 2337 Nullus
410 2277 499 2340 enim
522 2274 591 2339 iere
614 2282 668 2338 est
693 2272 736 2338 de
761 2272 994 2359 scriptoribus,
1019 2274 1054 2337 in
1077 2291 1145 2356 quo
1170 2270 1368 2337 exornando

263 2374 462 2459 oequebene
476 2372 624 2439 laborari
647 2376 776 2458 putem.
821 2376 877 2441 Ita
895 2376 1012 2442 suavis
1034 2382 1088 2442 est
1110 2379 1144 2440 et
1162 2375 1311 2457 elegans,
1328 2380 1369 2438 ut
1498 2392 1499 2405 ¹

264 2476 417 2561 quemvis
439 2475 483 2542 ed
509 2476 561 2540 sui
579 2476 758 2541 lectionem
773 2475 932 2570 ‘alliciut3
953 2477 1003 2540 ita
1020 2493 1137 2539 rursus
1156 2473 1313 2551 difficilis,
1328 2481 1370 2540 nt

262 2596 457 2657 nonunum,
469 2596 534 2642 nec
549 2595 618 2642 uno
632 2578 667 2641 in
679 2577 768 2656 loeo,
781 2579 992 2664 interpretem
1004 2577 1163 2661 requirat.
1199 2573 1369 2652 Difficilis,
1498 2568 1499 2619 ἶ

262 2679 411 2764 inquam,
425 2685 464 2745 ut
476 2679 570 2758 mihi,
584 2679 727 2764 aliisque
740 2680 845 2764 paulo
859 2679 1124 2758 humanioribus,
1139 2679 1286 2745 videtur:
1310 2681 1370 2763 qni

263 2781 362 2859 alios,
379 2782 502 2866 quibus
516 2781 572 2847 ille
587 2781 688 2847 modo
704 2802 772 2848 non
790 2783 974 2849 facillimus
994 2801 1170 2870 perperam
1193 2781 1368 2847 existima·
1498 2828 1499 2831 ,

263 2887 329 2961 tur,
345 2882 469 2947 dooere
482 2901 677 2968 possumus.

544 3055 640 3120 Idem
653 3055 714 3120 lib.
727 3053 771 3119 de
784 3053 883 3138 Stylo
899 3053 1086 3120 Historico.

308 3185 431 3265 Ceteri,
455 3189 580 3273 qulbus
601 3203 794 3276 perennare,
811 3197 846 3253 et
866 3190 912 3255 ad
929 3193 1083 3256 nostram
1103 3205 1212 3272 usqne
1235 3197 1366 3255 enum

265 3306 442 3354 canescere
464 3293 617 3375 configit,
643 3294 717 3376 ejus
741 3295 820 3355 sunt
845 3288 949 3369 notae,
972 3295 1011 3356 nt
1032 3291 1077 3356 ad
1097 3310 1213 3356 eorum
1228 3295 1368 3377 scripta,

263 3395 425 3473 tunquam
446 3393 490 3457 ad
513 3393 691 3458 obrussam
712 3391 872 3476 puritatis
892 3398 998 3476 atque
1023 3393 1199 3475 elegantiae
1221 3395 1368 3473 Lutinoe,

262 3491 409 3564 omnium
425 3495 649 3578 posteriorum
664 3494 850 3557 orationem
863 3494 999 3578 exigere
1013 3495 1205 3560 debeamus.
1243 3495 1274 3560 Ii
1289 3503 1370 3562 sunt

264 3590 395 3674 Censor,
409 3596 541 3674 Livius,
556 3594 732 3661 Cornelius
749 3594 883 3679 Nepos,
894 3593 1071 3682 Virgilius,
1085 3589 1370 3677 Horatius,'Pro·

262 3697 401 3780 portius,
416 3697 583 3776 Tibullus,
599 3704 633 3762 et
647 3694 834 3762 Vitruvius.

437 3866 592 3933 lacobus
607 3865 795 3947 Fontanus,
811 3866 956 3936 Institnt
971 3869 1069 3935 Post.
1085 3887 1127 3934 ιι.
1141 3872 1195 3936 25.
1282 3853 1287 3862 ¹

305 4000 362 4065 Ad
377 3999 606 4083 antiquitatem
619 4002 738 4066 merito
753 4001 943 4085 rediguntur
952 4003 1099 4071 historiae
1115 4011 1215 4089 atque
1229 4004 1368 4081 fabuloe,

263 4104 387 4187 quibus
411 4099 581 4168 moderate
601 4103 766 4170 utendum
787 4110 858 4168 est:
880 4121 982 4170 manu
998 4103 1086 4170 enim
1099 4123 1210 4170 serere
1223 4111 1370 4188 oportet,

264 4222 332 4268 non
345 4207 417 4268 toto
432 4201 587 4288 thylueo:
609 4226 709 4272 senus
728 4212 793 4283 est,
815 4207 894 4270 'eum
912 4205 1106 4272 inductione
1124 4207 1176 4271 nti
1194 4205 1369 4274 volumus:
