3034 4775
396 452 399 461 Ι
485 390 558 441 sun
583 388 707 440 anuos
732 388 904 439 nicusus.
1195 376 1239 439 47

136 532 306 619 quicquid
321 533 508 617 Elegiarum
524 533 568 599 ad
591 551 726 599 manum
741 541 826 612 erat,
848 532 948 599 sicuti
962 532 1126 615 Horatius
1141 534 1238 602 Odns

134 636 218 701 libri
237 654 263 700 ι.
279 643 313 701 at
329 653 368 700 ιι.
389 656 457 701 nno
479 643 629 719 tempore
646 636 849 719 conjunctim
863 636 958 713 editi,
980 636 1170 719 promiscua
1185 656 1238 700 or-

135 736 282 816 dinavit,
298 738 347 802 uti
356 738 429 821 jam
444 744 559 803 contra
572 736 759 801 Bentleium
772 738 963 801 monuimus
976 736 1012 799 in
1034 740 1046 769 ‘
1061 736 1140 800 Den
1150 736 1240 801 Vor-

133 838 301 922 lesungeu
322 840 404 905 'tiber
427 840 536 920 einige
559 838 699 920 Elegian
723 839 782 903 des
808 838 977 923 Propon:
999 838 1142 903 Dresdm
1158 838 1238 903 edit.

134 940 240 1004 1775.
256 941 288 1004 8.
333 940 484 1023 Denique
507 940 572 1003 hoo
594 959 725 1023 quoque
744 940 989 1005 observandum
1010 946 1074 1018 ast,
1097 938 1239 1022 Proper-

133 1042 225 1105 tium
240 1042 370 1107 duobus
385 1041 626 1125 posterioribus
640 1040 749 1119 libris,
771 1042 923 1133 inprimis
946 1042 1054 1119 tertio,
1076 1040 1238 1124 quasdam

134 1138 279 1225 Elegiae
294 1143 473 1229 adjecisse,
489 1162 575 1225 quas
590 1148 687 1207 autea
701 1143 909 1226 supprimere
925 1142 1088 1221 voluerat,
1110 1142 1158 1206 uti
1179 1161 1239 1226 pa·

134 1246 184 1304 tet
206 1260 254 1306 ex
275 1242 330 1321 iis,
351 1262 428 1327 quae
450 1244 494 1307 ad
519 1236 712 1307 Auum.
735 1242 936 1308 dictasunt.
982 1242 1030 1308 Ut
1051 1262 1128 1307 vero
1148 1243 1238 1307 hunc

133 1343 294 1424 inprimis
316 1363 440 1407 aunum
460 1344 680 1427 publicationi
702 1344 818 1409 horum
843 1345 1001 1409 librorum
1022 1345 1237 1423 constituam,

132 1442 222 1507 facit
236 1444 381 1509 maxime
403 1444 521 1528 Elegia
534 1446 588 1507 12.
610 1444 670 1509 lib.
685 1462 741 1508 ιιι.
757 1446 802 1509 ad
816 1445 1060 1526 Postbumum;
1082 1447 1238 1529 adquam

133 1543 166 1605 si
183 1545 314 1627 scripta
329 1545 374 1608 sit
386 1564 515 1627 quoquo
528 1542 645 1626 Elegia
659 1544 692 1607 3.
706 1544 765 1607 lib.
782 1562 831 1608 ιι.
847 1546 936 1633 qnod
946 1546 1115 1629 plerisque
1127 1547 1239 1629 placet

132 1645 387 1725 interpretibus,
407 1650 440 1708 et
462 1645 547 1709 ratio
570 1644 649 1725 ipsa
669 1645 812 1726 probare
834 1644 975 1724 videtur,
1006 1644 1152 1710 dubitari
1172 1666 1240 1710 non

132 1744 275 1824 poterit,
296 1745 375 1828 quin
389 1750 527 1828 utraque
542 1744 662 1826 Elegia
676 1746 802 1828 scripta
815 1747 862 1810 sit
875 1746 1014 1812 durante
1024 1747 1086 1811 illo
1100 1746 1238 1811 duorum

134 1862 302 1907 annorum
316 1845 438 1927 spatio,
457 1863 526 1927 quo
546 1844 659 1909 AElius
674 1843 795 1935 Gallus
814 1846 850 1910 in
864 1845 995 1912 Arabia
1008 1855 1239 1913 commoratus

132 1950 199 2009 est.
245 1940 358 2022 Adde,
368 1944 460 2027 quod
474 1944 558 2009 liber
573 1961 625 2009 ιν.
640 1944 673 2008 6.
682 1944 736 2009 78.
748 1947 949 2013 mentionem
960 1948 1045 2015 facit
1055 1948 1239 2033 AEtbiopici

132 2042 233 2121 belli,
246 2044 335 2126 quod
349 2046 383 2109 iu
398 2064 521 2109 anuum
536 2052 731 2127 sequentem
745 2046 874 2113 incidit.
963 2114 971 2121 ,

479 2222 511 2274 A.
524 2223 556 2273 U.
568 2225 599 2273 G.
616 2227 673 2273 7³2.
708 2223 841 2289 Propertii
852 2231 892 2276 tl.

345 2302 382 2353 M.
394 2303 517 2353 Claudius
528 2304 670 2353 Marcellus
680 2304 823 2356 AEserinm.
856 2307 887 2357 L.
897 2304 1030 2357 Arantius.

182 2398 362 2482 AEtbiopes
377 2402 460 2464 oaesi
475 2409 511 2464 et
531 2420 648 2465 eorum
667 2409 758 2466 terra
778 2403 947 2486 praesidiis
962 2415 1142 2489 occupata.
1186 2405 1238 2471 cf.

137 2497 270 2582 Heynii
284 2499 368 2564 Vita
383 2501 476 2584 Virg.
492 2501 588 2566 adh.
602 2520 633 2565 a.
657 2507 690 2565 et
711 2523 789 2586 quas
812 2507 875 2569 sub
898 2507 997 2572 finem
1018 2505 1238 2591 praecedentis

136 2601 218 2664 anni
233 2606 350 2666 notata
365 2607 449 2666 sunt.

481 2764 515 2814 A.
528 2764 561 2815 U.
573 2765 672 2815 (ΗΜ.
705 2763 838 2829 Propertii
848 2773 890 2819 tt.

463 2842 502 2893 M.
515 2842 648 2907 Apuleius.
680 2843 712 2892 P.
728 2845 805 2895 Silius
817 2849 915 2898 Nersa.

180 2939 358 3022 Cyzicenis
371 2939 507 3004 libertas
521 2941 564 3003 ab
579 2939 735 3020 Augusto
750 2941 903 3009 ademta:
925 2944 1040 3009 confer
1053 2963 1116 3009 nos
1129 2963 1237 3028 supra
1256 2889 1262 2896 .

135 3039 184 3106 ad
199 3037 244 3104 A.
261 3038 306 3103 U.
319 3040 396 3105 724.
441 3038 547 3120 Signa
567 3039 682 3104 Crassi
705 3060 781 3106 cum
804 3045 923 3127 spoliis
944 3053 980 3110 et
1001 3045 1144 3130 captivis
1163 3045 1236 3111 Au·

134 3146 238 3222 gusto
254 3139 433 3204 redduntur
446 3159 468 3206 a
483 3139 640 3204 Phraate.
684 3139 737 3206 Ul.
750 3141 879 3229 Heynii
892 3144 962 3211 Vit.
974 3143 1128 3212 chronol·
1143 3145 1187 3212 tul
1201 3145 1236 3209 b.

135 3261 169 3306 a.
214 3241 295 3306 Jure
319 3241 418 3323 igitur
443 3239 643 3324 Propertius
659 3257 711 3306 tv.
735 3242 767 3308 6.
791 3245 846 3309 79.
871 3264 945 3330 sqq.
970 3265 1088 3311 canora
1110 3247 1236 3330 potuitt

137 3345 147 3375 ‘
164 3341 235 3407 Hic
243 3341 360 3407 reserat
369 3360 445 3406 sero
456 3342 650 3407 confessum
660 3340 789 3408 foedera
800 3343 980 3412 Parthum:
997 3345 1133 3412 Reddat
1141 3349 1238 3430 signa

631 3509 738 3560 NOTAE

135 3633 201 3683 quos
234 3619 364 3670 amoribus
393 3617 500 3682 dicavit,
526 3617 668 3682 scripsisse,
708 3619 985 3684 sedpaucossliornm
995 3618 1237 3676 libelloscslllms·

136 3699 257 3758 quartum
269 3708 331 3744 vern
343 3694 453 3758 disparis
470 3693 625 3758 argumenti,
641 3693 668 3743 iu
708 3695 761 3758 chi,
773 3697 931 3758 Mimnermi,
942 3695 1063 3758 Philetas,
1077 3695 1117 3744 vel
1128 3694 1237 3744 allorum

136 3784 214 3832 quem
226 3769 363 3834 grandior·
371 3769 492 3820 Carmina
501 3768 623 3829 coniecit,
634 3767 668 3817 ab
708 3769 853 3833 po'e'tsrum,
864 3771 959 3836 qulbus
974 3770 1090 3835 legendis
1104 3783 1136 3828 aa
1151 3777 1237 3820 temu-

136 3845 188 3894 illis
214 3845 394 3909 separandum,
414 3851 442 3894 et
463 3841 667 3893 ‘monoblblnu'
707 3845 748 3894 slis
761 3846 865 3895 assidue
876 3854 978 3911 tempus
989 3847 1151 3906 intumuerat,
1160 3843 1237 3892 intel-

136 3918 338 3982 inscribaudum,
353 3920 470 3983 aliosque
482 3917 549 3966 mele
563 3915 668 3966 titulum
707 3920 825 3984 ligandos
837 3936 903 3971 esse.
936 3919 1058 3970 Arbitror
1077 3924 1165 3966 tamen
1178 3931 1238 3979 par·

136 3993 209 4042 illurn
235 3993 269 4042 ad
289 3993 384 4044 librum
404 3995 515 4058 primum
537 3992 667 4044 retulisse.
708 3994 979 4058 tamillsmltlegdt.
998 3993 1237 4043 maranata.

137 4069 195 4118 Nec
206 4069 390 4134 placatvulpil
400 4068 541 4130 sententia,
555 4067 601 4133 (sd
618 4068 668 4118 Cs-
707 4066 753 4118 un.
764 4068 798 4117 erl
813 4069 913 4118 cslcsm
930 4067 988 4118 lib.
1003 4079 1048 4117 ιιι.
1067 4079 1124 4116 essa
1141 4079 1239 4132 pansu-

136 4144 194 4194 tull.
205 4159 224 4194 ι.
236 4149 260 4193 6.
271 4151 299 4194 et
309 4145 334 4194 in
350 4143 542 4195 Commentario
553 4143 586 4192 acl
598 4143 615 4194 l.
628 4142 666 4208 o.)
705 4143 777 4196 dam.
792 4145 869 4196 uus.

138 4233 187 4283 per
198 4227 250 4270 tres
262 4219 319 4270 illos
330 4219 439 4286 libellos,
456 4233 507 4270 non
522 4219 664 4284 Propertii,
