3034 4775
620 383 825 435 111111110.
1195 436 1200 443 ,
1225 364 1268 430 13

176 536 254 599 bam
283 540 318 597 et
343 531 547 597 annotabam
576 527 755 603 Catullum,
777 523 962 601 Tibullum,
993 527 1027 587 et
1053 522 1268 606 Propertium

177 656 238 717 ego
263 635 367 697 Anto.
384 633 551 709 Petreius,
574 630 708 695 collatis
738 626 977 693 vetustissimis
1007 625 1268 707 exemplaribus,

176 737 243 801 alio
272 734 427 810 Pontani,
450 734 518 797 alio
549 730 712 815 Episcopi
740 728 982 804 Cremonensis,
1004 727 1071 790 alio
1095 725 1269 789 Francisci

176 836 307 913 Puccii,
331 854 395 899 nec
422 853 489 897 nou
509 833 584 896 aliis
610 830 730 895 Romae
752 835 787 894 et
812 828 992 893 Florentiae
1017 827 1154 904 habitis,
1179 846 1267 890 anno

175 935 422 1002 15....et15....’
467 934 636 1016 Margiues
661 932 739 997 libri
767 932 902 997 tametsi
924 930 972 994 ite
997 934 1074 994 sunt
1094 929 1211 1004 eccisi,
1232 932 1269 991 ut

177 1057 336 1103 annorum
350 1042 440 1099 uotae
456 1034 522 1116 legi
540 1040 720 1117 nequeant,
742 1042 857 1103 tamen
871 1051 916 1095 ex
931 1039 1128 1114 comparata
1143 1028 1185 1093 ad
1202 1027 1268 1092 Ca·

177 1138 293 1203 lullum
308 1146 342 1200 et
356 1136 528 1199 Tibullum
543 1134 789 1217 subscriptione
803 1132 886 1196 satis
900 1132 1016 1214 liquet,
1034 1148 1156 1194 aunum
1170 1128 1268 1193 1528.

177 1240 232 1305 vel
247 1238 331 1303 duos
344 1239 554 1321 insequentes
569 1236 744 1317 designari.
784 1276 790 1287 ·

220 1338 307 1418 Quis
322 1339 490 1404 1111111111
507 1337 671 1403 Antonius
686 1336 854 1411 Petreius,
875 1341 932 1398 aut
953 1333 1040 1397 unde
1060 1331 1170 1410 domo,
1193 1352 1270 1397 cum

177 1462 242 1506 neo·
262 1440 436 1518 Heinsius,
458 1460 520 1505 nee
547 1437 795 1513 Broukbusius,
819 1455 881 1499 nec
909 1440 1021 1498 noster
1047 1432 1269 1512 Burmannus,

178 1542 240 1607 viri
253 1543 286 1605 in
300 1541 441 1603 historia
456 1540 613 1603 Italorum
632 1536 779 1601 literaria
792 1534 1024 1610 versatissimi,
1046 1536 1271 1614 cognoverint,

177 1663 239 1725 ego
262 1660 411 1725 quaerere
436 1640 650 1722 supersedeo.
693 1636 866 1719 Suspiceri
893 1636 982 1713 licet,
1012 1634 1156 1698 nobilem
1184 1634 1273 1699 buno

176 1742 324 1806 libellum
345 1741 417 1823 jam
441 1741 521 1804 olim
543 1758 737 1822 possessum
752 1756 828 1801 esse
843 1736 887 1799 ab
912 1735 1151 1817 elegantiarum
1165 1740 1271 1817 patre,

179 1842 331 1919 Muret03
354 1840 521 1923 siquidem
534 1838 558 1903 J
562 1887 571 1904 .
588 1839 737 1921 Lipsius,
760 1838 818 1920 qui
841 1854 927 1900 auno
949 1836 1080 1901 circiter
1102 1835 1200 1900 1567.
1223 1835 1273 1899 vi·

180 1943 262 2025 giuti
276 1960 432 2005 annorum
452 1941 602 2024 juvenis,
627 1938 773 2004 Romam
789 1939 892 2013 veuit,
914 1945 948 2001 et
961 1937 1010 2001 ibi
1023 1956 1082 2021 per
1103 1936 1273 2013 biennium

181 2042 303 2107 Mureti
326 2032 507 2124 praeceptis
531 2042 680 2104 imbutus
694 2045 757 2116 est,
779 2039 812 2102 in
826 2036 940 2121 Auth.
956 2038 1049 2102 Lect.
1065 2055 1089 2101 1.
1103 2039 1135 2101 4.
1158 2038 1192 2099 iu
1206 2035 1274 2099 fine

168 2130 340 2209 ¹memorat
352 2143 487 2218 librum,
510 2142 575 2205 sibi
589 2162 610 2207 a
625 2140 758 2205 Mureto
773 2146 955 2217 ostensum,
977 2140 1012 2204 in
1027 2159 1096 2224 quo
1108 2139 1274 2204 Antonius

182 2244 324 2307 Ferillus
352 2245 520 2327 quispiam
549 2248 624 2307 anta
663 2260 768 2305 annos
801 2242 1043 2325 qninquaginta
1070 2245 1274 2318 annotasset,

183 2343 316 2410 Drinsin
331 2345 398 2427 legi
413 2364 467 2428 ap.
483 2344 584 2429 Prop.
602 2361 627 2410 1.
641 2346 694 2410 20.-
709 2346 742 2409 5.
765 2343 840 2409 bac
855 2349 965 2408 autem
981 2363 1004 2408 a
1016 2364 1070 2408 me
1083 2344 1275 2426 agnoscitur

180 2449 255 2530 ipsa
269 2447 405 2529 scriptio
430 2445 566 2510 Antonii
583 2445 718 2510 Perreii.
763 2443 875 2509 Credo
892 2445 999 2526 igitur,
1021 2452 1080 2510 ant
1095 2438 1273 2522 Muretum,

180 2555 239 2612 aut
254 2548 418 2631 Lipsium,
441 2547 620 2610 innomine
635 2547 781 2626 bominis
803 2547 909 2629 ignoti
923 2565 1061 2611 errasse.
1106 2545 1274 2628 Quicquid

180 2651 225 2712 sit
249 2647 349 2731 hujus
372 2649 430 2725 rei,
454 2647 618 2712 Heinsius
642 2647 819 2712 Florentiae
845 2655 1011 2712 emerata
1029 2648 1191 2711 scrutario
1211 2665 1276 2710 sex

181 2749 316 2812 assibus
331 2767 419 2811 auno
435 2747 530 2812 1646.
572 2747 723 2812 Eundem
735 2747 886 2812 lacobus
897 2748 1029 2812 Tollius
1043 2748 1174 2827 dignum
1185 2747 1276 2830 judi·

182 2849 283 2925 cavit,
306 2867 404 2930 quem
428 2855 535 2911 totum
559 2868 622 2913 sua
646 2867 748 2911 mauu
765 2847 965 2912 describeret
987 2846 1134 2911 Holmire
1150 2847 1276 2912 811110-

180 2967 255 3013 1111
281 2967 366 3014 auno
390 2947 485 3012 1662.
508 2966 576 3029 quo
604 2953 753 3031 tempore
771 2946 935 3010 Heinsius
958 2948 1139 3012 secundam
1160 2948 1276 3013 obibat

183 3047 399 3130 Legationem
415 3049 600 3114 Suecicem.
647 3048 790 3126 Deinde,
805 3049 1001 3114 anuo‘l704.
1043 3047 1133 3112 Jano
1148 3047 1277 3113 Bronlr·

181 3149 278 3214 buslo
292 3149 543 3214 describendum
558 3152 735 3228 concessit,
750 3170 900 3215 summus
915 3150 988 3234 ejus
1001 3151 1142 3228 amicus,
1158 3151 1275 3216 Petrus

183 3251 407 3328 Burmannus,
428 3258 578 3334 patruus.
622 3250 701 3316 vid.
718 3252 866 3316 Broulrb.
882 3252 1122 3318 Prael.'1ibull.

226 3349 259 3414 N
263 3370 302 3414 ec
332 3350 447 3414 mirum
475 3353 631 3436 cuiquam
653 3352 759 3416 videri
783 3352 897 3430 debet,
918 3353 1007 3417 buno
1031 3353 1181 3418 libellum
1206 3361 1276 3417 tam

183 3449 306 3532 cupide
321 3469 396 3513 esse
410 3452 609 3532 expetitum,
631 3459 666 3516 11
680 3459 807 3516 tautum
824 3473 938 3537 operae
955 3453 988 3516 in
1003 3473 1044 3518 eo
1058 3452 1276 3519 describendo

183 3551 397 3628 collocatum,
409 3569 484 3614 cnm
495 3561 616 3635 praeter
629 3554 701 3632 illa,
712 3573 788 3637 quae
801 3573 890 3618 nunc
901 3573 946 3618 ex
960 3574 1001 3618 eo
1013 3556 1054 3618 ad
1063 3554 1276 3639 Propertium

184 3659 406 3737 apponuntur,
430 3652 611 3717 salutarem
634 3655 715 3718 olim
738 3653 875 3718 Tibrdlo
901 3655 1100 3718 medicinam
1119 3653 1277 3719 attulerit.

183 3751 428 3827 Broukbusius,
449 3771 527 3815 cum
552 3754 692 3836 primum
722 3754 832 3818 ederet
856 3754 1077 3837 Propertium,
1099 3757 1173 3820 baec
1196 3753 1278 3818 Per·

183 3854 296 3917 relano
310 3851 481 3934 Excerpta
502 3853 647 3916 nondum
668 3853 888 3935 possidebat3
910 3855 1047 3918 triequo
1060 3862 1172 3917 autem
1185 3860 1276 3935 post,

184 3971 298 4017 eorum
322 3953 457 4035 copiam
484 3950 624 4028 habens,
647 3952 830 4017 1111111111
844 3973 978 4037 operam
997 3974 1137 4030 navans,
1158 3953 1277 4018 docto-

184 4073 258 4118 rum
272 4053 420 4118 laborum
436 4059 469 4116 et
485 4053 582 4116 simul
597 4053 677 4118 vitae
692 4051 872 4118 laudabilis
894 4055 990 4118 finem
1012 4053 1112 4133 fecit3
1135 4055 1177 4119 ed
1194 4055 1277 4120 Pro·

185 4155 330 4239 portium
345 4171 423 4216 vero
441 4171 507 4239 uon
522 4153 588 4218 uisi
602 4172 775 4236 perpauca
789 4173 833 4218 ex
847 4154 914 4218 illis
932 4153 1052 4220 suturae
1067 4155 1203 4222 editioni
1217 4173 1276 4239 pa-
