3034 4775
607 357 812 409 rasrsrro.
1209 344 1253 407 lt

156 502 296 569 trissimi
310 502 472 587 principis
484 500 629 578 Altierii,
648 506 683 565 et
695 500 870 583 custodem
885 500 1096 567 bibliotheca·
1112 500 1252 570 Vatica-

156 622 227 682 nae,
242 602 381 687 ejusque
393 603 485 681 mibi,
502 601 617 669 multis
638 601 829 667 nominibus
851 601 1043 684 optandam,
1058 603 1253 667 benevolen-

156 705 241 769 tiam
255 704 456 771 conciliavit.
488 704 558 784 Qut
570 706 620 771 vir
635 706 854 781 clarissimus,
869 709 907 768 ut
922 704 989 768 alia
1003 704 1079 787 ejus
1093 704 1254 769 adversus

156 824 213 869 me
230 804 342 871 officia
355 811 564 891 proeteream,
587 805 839 871 accuratissime
859 806 893 869 in
913 823 1009 870 meos
1028 824 1110 868 usos
1131 804 1256 870 descri-

156 905 289 971 bendas
311 910 442 973 curarit
464 906 637 972 Francisci
659 906 779 971 Pucoii
799 904 1042 971 emendationes
1061 906 1096 969 in
1111 906 1256 991 Proper·

155 1004 242 1069 tium
257 1026 385 1086 omnes,
399 1028 476 1091 quae
493 1014 571 1073 ante
593 1005 712 1071 &mm
734 1006 826 1091 apud
846 1006 1017 1073 Victorios
1037 1008 1206 1086 extabant,
1220 1016 1257 1075 et

156 1105 212 1179 his
226 1108 314 1192 ipsis
328 1108 446 1173 diebus
467 1107 602 1193 publice
624 1106 898 1173 distrahebantur.
942 1107 1012 1173 Hm
1025 1108 1180 1191 quamuis
1193 1129 1256 1173 nu·

155 1228 252 1275 mero
274 1208 413 1275 infinitae
434 1216 468 1274 et
494 1229 555 1294 pro
579 1216 769 1293 temporum
790 1208 921 1274 ratione
944 1210 1090 1274 omnium
1113 1209 1257 1277 admira·

156 1312 254 1375 tione
269 1310 472 1395 dignissime
488 1312 566 1388 sint,
581 1317 659 1394 post
671 1314 798 1375 tantum
815 1316 926 1374 tamen
940 1310 1136 1375 smculorum
1157 1312 1257 1377 inter-

156 1411 300 1490 vallum,
324 1416 515 1495 tantamque
543 1430 565 1475 a
587 1410 799 1494 principibus
826 1409 1051 1475 literatoribus
1079 1411 1257 1497 Propertio

157 1512 350 1595 impensam
364 1532 512 1597 operam,
531 1513 576 1578 ad
598 1512 711 1596 ipsum
733 1510 851 1575 Poetae
872 1518 1005 1576 textum
1019 1512 1142 1591 minus,
1158 1532 1259 1596 quam

158 1614 294 1693 credas,
317 1614 546 1695 contulerunt3
566 1614 695 1697 quippe
715 1613 877 1699 pleraque
899 1612 944 1677 ab
972 1614 1061 1691 aliis,
1090 1612 1259 1697 Scaligero

117 1786 120 1793 ,
159 1716 320 1800 inprimis
334 1722 370 1781 ct
385 1714 541 1794 Heinsio,
555 1714 611 1780 rel
635 1714 800 1780 (lodicum
822 1714 970 1793 nomine,
983 1716 1038 1780 rel
1056 1716 1260 1799 conjectura·

159 1836 247 1894 rum,
262 1816 298 1880 in
312 1816 545 1883 commentario
555 1815 736 1880 Burmanni
745 1823 912 1899 occupata
925 1818 1142 1899 reperiuntur.
1166 1815 1260 1895 Quid

159 1918 272 1999 igitur,
287 1918 433 2001 inquies,
447 1917 520 1983 haec
541 1917 628 1983 scire
643 1916 803 1982 interestl
824 1916 903 1981 Nou
913 1917 1060 1983 omnium
1074 1920 1260 2001 permagni,

159 2018 278 2085 fateor.
322 2020 470 2104 Semper·
485 2019 575 2083 enim
596 2017 671 2083 brec
696 2036 779 2082 cura
795 2018 840 2082 ad
854 2036 984 2103 paucos
1007 2018 1157 2101 pertinet.
1201 2017 1261 2101 At,

161 2122 233 2204 qui,
248 2120 336 2187 unde
352 2139 495 2207 quaeqne
516 2119 618 2183 lectio
640 2116 787 2195 fluxerit,
800 2124 836 2181 et
849 2138 952 2202 quam
966 2118 1092 2183 babeat
1113 2120 1261 2185 auctori·

161 2228 279 2300 tatem,
294 2223 380 2287 scire
394 2222 542 2306 cupiunt,
554 2220 770 2303 omninoque,
778 2220 837 2302 qui
850 2228 931 2305 post
940 2220 1166 2285 Burmannum
1179 2218 1260 2285 Pro·

161 2323 265 2408 pertii
279 2324 429 2390 carmina
442 2322 635 2406 castigatori
649 2326 737 2400 sunt,
760 2321 834 2388 baec
856 2340 1017 2404 cognosse
1035 2340 1102 2386 nou
1116 2322 1262 2406 poenite·

160 2425 224 2490 bit
269 2425 452 2509 Exemplar
477 2425 579 2507 igitur
606 2422 839 2490 victorianum
865 2425 954 2489 banc
981 2423 1262 2508 subscriptionem

162 2525 327 2592 babebat:
349 2530 360 2561 ‘
376 2527 575 2592 Francisoue
587 2524 733 2590 Puccins
748 2527 822 2591 hec
841 2528 1026 2592 annotabat
1035 2545 1126 2602 auno
1141 2514 1263 2591 salum

165 2643 263 2692 rrnrr.
298 2625 487 2711 Augustino
514 2626 725 2708 Scarpinella
740 2627 864 2693 comite
894 2627 1089 2704 studiorum,
1126 2632 1263 2690 secutus

162 2727 265 2794 fidem
294 2729 517 2813 antiquissimi
537 2727 685 2805 codicis,
708 2729 769 2810 qui
798 2728 942 2813 primum
970 2729 1036 2794 luit
1065 2726 1264 2793 Bernardini

162 2827 288 2908 Valla,
310 2828 441 2913 patritii
461 2825 619 2904 Romani,
633 2827 699 2892 riri
714 2826 918 2906 doctissimi,
940 2827 1016 2892 dein
1039 2829 1084 2894 ab
1106 2847 1148 2892 eo
1170 2827 1263 2892 dono

165 2930 266 2995 datus
281 2927 519 3013 estAipbonso
533 2943 574 2990 rr.
617 2925 706 3009 Regi
732 2927 977 3012 Neapolitano,
991 2928 1142 3011 Principi
1156 2927 1265 2993 litera·

164 3050 240 3096 rum
255 3029 493 3096 amantissimo.
537 3028 676 3094 Contuli
691 3047 769 3094 cnm
793 3027 909 3094 codice
922 3029 1128 3114 autographo
1150 3029 1264 3096 idibus

164 3131 268 3198 Juliis
285 3130 486 3196 rrnxx1.P.
503 3128 697 3196 Victorius!

210 3232 335 3299 Monet
348 3239 460 3300 antem
470 3233 506 3297 in
516 3232 623 3298 literis
633 3231 895 3310 Giorenamins,
906 3231 943 3297 in
951 3231 1141 3299 Victoriani
1151 3251 1265 3296 exem·

166 3335 271 3419 piaris
294 3333 541 3416 subscriptione
563 3352 684 3398 nomen
705 3331 880 3398 Francisci
901 3331 1021 3399 Pnccii
1038 3333 1088 3398 sic
1106 3335 1266 3399 abrasum

166 3454 251 3512 esse,
266 3446 304 3500 ut
324 3453 364 3499 ne
379 3433 557 3517 vestigium
572 3433 704 3518 quidem
730 3434 835 3498 ullum
860 3439 1033 3518 appareat,
1045 3453 1107 3499 nec
1127 3453 1165 3499 se
1186 3453 1266 3500 cau·

167 3557 252 3616 sam,
267 3555 326 3602 cnr
339 3537 388 3602 itu
400 3535 528 3601 iactum
543 3537 599 3615 sit,
613 3535 724 3602 dicere
735 3554 856 3619 posse3
878 3536 937 3600 sed
957 3537 1029 3600 siue
1050 3539 1165 3602 enoris
1178 3538 1266 3622 peri·

167 3638 246 3704 culo
270 3637 420 3721 suppleri
440 3655 485 3700 ex
510 3637 615 3702 tribus
640 3641 825 3720 quatuorve
850 3635 1088 3720 Neapolitanis
1105 3636 1215 3702 Godd.
1230 3639 1267 3700 in

166 3739 290 3824 quibus
314 3739 430 3804 eadem
449 3737 662 3823 subscriptio,
685 3737 872 3823 iisdemque
897 3739 996 3822 plane
1009 3740 1132 3816 uerbis,
1148 3735 1266 3802 addito

167 3839 287 3906 Pnccii
301 3840 437 3905 nomine
449 3840 580 3922 legitur.
604 3838 732 3904 Horum
748 3858 851 3904 nuum
865 3845 980 3905 extare
994 3839 1084 3922 apud
1097 3836 1267 3904 Aloisium

168 3939 426 4019 lancellottum,
452 3941 562 4006 virum
590 3938 871 4022 eruditissimum
912 3946 1038 4005 ceteros
1074 3937 1202 4005 serrari
1231 3939 1266 4002 in

168 4039 372 4108 bibliotheca
386 4039 592 4108 Carbonaria
605 4040 844 4105 monachorum
857 4039 1171 4122 Augustinensium.
1193 4037 1267 4105 oe-
1328 4119 1336 4130 ‚

171 4144 274 4204 terum
292 4143 502 4224 Puceiqsex
527 4139 831 4218 emendationibus,
851 4157 927 4223 quae
952 4145 1053 4205 oenoe
1070 4138 1267 4215 riderentur,
