3034 4775
586 307 635 355 ou
659 304 885 363 raorsurro.
939 302 944 312 ·
1240 296 1286 363 69

187 454 442 516 antevertentes.
487 448 579 516 Editi
599 455 677 516 sunt
699 470 777 517 cum
798 450 935 517 {tibullo
958 457 995 515 et
1016 448 1162 531 catullo,
1184 458 1222 519 ut
1242 454 1289 520 ud
1424 479 1427 487 ⁴

187 558 369 636 utrumqne
382 551 501 617 horum
522 550 902 618 monuimus—Novam
915 571 997 617 vero
1011 553 1173 621 eximiam
1185 553 1288 639 hujus

188 650 298 737 polita
323 653 502 719 editionem
527 652 698 718 moliri'in·
713 652 830 735 Belgio
851 652 985 730 dicitnr,
999 653 1188 736 quiomnes
1212 656 1288 741 ejus

188 752 337 821 Veneres
349 754 493 835 imbibit,
506 752 779 839 elegantissimus
790 751 814 818 J
814 772 900 819 anus
913 752 1160 821 Bronkhnsius.

349 926 564 991 Burmannus
579 924 654 991 Sec.
667 876 703 989 in
717 923 855 991 Praelat
869 924 913 990 ad
929 922 1131 991 Lcdchium.

232 1058 356 1143 Neque
371 1065 485 1125 tamen
495 1058 607 1125 solum
621 1057 835 1143 Propertium
844 1057 972 1123 iaciunt
983 1065 1042 1124 aut
1051 1060 1291 1127 commendant

189 1161 403 1245 polysyllaba
416 1161 451 1225 in
466 1159 532 1225 line
545 1178 661 1225 versus
681 1159 879 1243 pentametri
900 1160 1028 1243 saepius
1049 1160 1209 1240 adhibita,
1224 1182 1293 1246 qua

190 1269 282 1327 certe
289 1263 421 1328 ratione
436 1262 516 1327 nihil
531 1262 753 1346 Propertium
764 1261 949 1328 imitatione
962 1261 1096 1328 facilins
1105 1269 1215 1345 esset3
1230 1264 1293 1329 sed

191 1366 391 1451 stupendam
418 1371 454 1431 ct
474 1364 537 1432 rix
548 1364 608 1428 uni
631 1368 692 1429 ant
708 1363 806 1429 alteri
820 1364 1045 1430 aemulandam
1057 1363 1164 1429 divini
1178 1364 1292 1449 politae

191 1471 295 1531 artem
319 1466 459 1531 exhibet
483 1471 577 1530 totns
598 1462 685 1549 ejus,
698 1462 798 1548 isque
816 1463 1102 1550 incomparabilis,
1124 1467 1292 1532 scribendi

191 1566 377 1645 character,
400 1564 593 1631 eruditionis
617 1561 766 1648 politicus
790 1568 825 1629 et
845 1565 1084 1649 mythologice
1107 1572 1292 1651 apparatus

191 1688 258 1732 non
270 1664 431 1750 vulgaris,
446 1666 586 1751 spiritus
599 1684 682 1733 vera
704 1663 907 1732 sublimitate
929 1686 1119 1751 assurgens,
1132 1668 1294 1752 majestas

193 1775 346 1852 auguste,
373 1774 409 1834 et
436 1769 560 1834 decore
586 1766 747 1852 gravitas,
773 1775 810 1832 et
833 1768 1013 1851 singularis
1038 1768 1224 1834 carminum
1250 1788 1294 1835 ac

192 1869 365 1954 praecipue
379 1888 588 1935 numerorum
602 1867 815 1953 politicorum
828 1876 1018 1949 contextus,
1032 1873 1123 1935 totns
1137 1870 1184 1936 ad
1198 1871 1294 1937 Gne-
1431 1920 1434 1925 -

193 1988 308 2035 corum
318 1970 539 2036 imitationem
547 1970 710 2036 formatus
720 1989 762 2035 ac
772 1972 996 2055 compositum
1010 1972 1051 2038 de
1065 1991 1134 2055 qno
1142 1972 1295 2056 judicare
1359 1982 1364 1989 “

193 2072 301 2155 magis
314 2071 456 2137 liberum
470 2077 571 2151 esset,
587 2072 619 2137 si
631 2069 687 2140 rel
706 2071 907 2156 Callimachi
919 2076 953 2137 et
966 2071 1109 2139 Philetae
1128 2072 1195 2139 Goi
1209 2074 1295 2140 inte·

193 2192 260 2256 grae
283 2178 494 2258 superessent
506 2173 634 2257 elegiae,
657 2173 713 2239 rel
734 2172 878 2239 aliorum
890 2170 1067 2260 poetarum
1086 2172 1294 2252 Graecorum,

192 2274 294 2339 hodie
319 2275 575 2359 deperditorum,
599 2275 643 2340 ad
671 2276 903 2360 posteritatem
921 2275 1155 2360 pervenissent
1182 2294 1295 2360 opera,

195 2397 336 2460 quorum
348 2377 533 2460 fragmenta
547 2376 639 2462 apnd
654 2374 865 2456 Athenarum,
875 2376 1125 2444 Grammaticos
1139 2374 1295 2456 Graecos,
1433 2411 1437 2415 ·

195 2484 231 2541 et
243 2477 452 2544 scholiastes
476 2479 634 2564 antiquos
657 2497 778 2562 sparsa
795 2484 976 2562 vagantum
998 2499 1076 2564 qum
1088 2479 1118 2543 si
1132 2479 1219 2563 quis,
1235 2479 1297 2544 sed

196 2596 241 2643 ex
256 2580 451 2663 quotidiana
462 2579 608 2646 lectione
623 2580 837 2665 Propertium
845 2580 914 2647 sere
924 2580 960 2644 in
970 2585 1142 2647 numerato
1156 2566 1296 2662 habens,

196 2699 273 2744 cum
288 2699 371 2745 cura
386 2690 594 2764 compararet
617 2689 717 2766 atque
743 2686 946 2764 excerperet,
959 2687 997 2746 ut
1009 2689 1044 2747 et
1056 2681 1162 2746 multa
1176 2682 1211 2745 in
1225 2678 1296 2745 An-

196 2781 346 2863 tholegia
364 2780 489 2846 Graeca
503 2781 724 2846 vetustiomm
744 2781 921 2866 poetarum
943 2781 1205 2865 Epigrammata,
1220 2801 1296 2867 qnae

197 2880 288 2946 hund
302 2899 378 2945 raro
391 2881 542 2945 imitatus
562 2881 636 2959 luit,
660 2899 726 2946 noo
744 2885 877 2946 tantum
894 2881 1046 2966 plurimis
1057 2879 1174 2966 poetae
1188 2882 1298 2948 erudi·

198 2981 320 3048 tissimi
333 2983 430 3062 locis,
443 2982 588 3048 nondum
613 2982 699 3048 satis
720 2981 903 3067 expeditis,
929 2983 1094 3067 egregiam
1115 2982 1301 3049 affunderet

197 3085 317 3162 lucem,
337 3083 397 3148 sed
420 3089 453 3150 et
475 3083 704 3152 admirandum
719 3084 796 3171 ejus,
808 3083 984 3152 artificium
997 3085 1177 3151 dilucidius
1202 3083 1298 3150 illus·

196 3190 308 3264 treret,
322 3193 359 3252 et
369 3205 468 3272 quarn
482 3207 602 3281 presso
613 3185 911 3272 pedeGrrecorum
924 3187 1066 3272 vestigia
1078 3187 1193 3270 legens
1205 3187 1301 3268 orgia

199 3285 290 3354 Itala
302 3307 386 3372 puro
400 3288 442 3354 de
460 3289 553 3354 fonte
576 3307 637 3374 per
651 3287 777 3356 Graios
799 3289 921 3354 choros
945 3288 1029 3354 serre
1051 3289 1177 3375 primus
1192 3308 1212 3353 e
1225 3285 1298 3352 Ro·

197 3389 308 3454 manis
335 3390 504 3473 ingressus
527 3390 637 3468 fuerit,
663 3390 813 3476 apertius
843 3390 1090 3456 demonstraret
1116 3419 1120 3425 ⁴
1148 3389 1219 3454 Sed
1244 3388 1300 3453 hic

200 3490 336 3574 quidem
357 3511 425 3557 nco
449 3493 597 3558 omnium
621 3492 718 3557 leber
738 3497 802 3571 est,
815 3490 951 3558 Jncobu
965 3491 1055 3557 Phil.
1070 3491 1251 3579 Dorvillio,
1265 3491 1300 3555 in

107 3665 113 3676 ,
198 3592 262 3658 hac
277 3593 437 3677 palaestra
451 3595 621 3679 qnondam
643 3595 938 3674 exercitatissimo,
957 3594 989 3660 si
1010 3594 1151 3672 vireret,
1170 3591 1301 3674 dignus,

198 3699 259 3760 unt
271 3696 453 3779 superstite
467 3695 575 3762 adhuc
588 3696 661 3762 viro
671 3697 706 3760 in
719 3697 774 3761 his
784 3697 888 3762 literis
901 3715 1032 3762 summo
1039 3694 1178 3760 Tiberio
1193 3691 1301 3757 Hern-

198 3794 375 3876 sterhusio,
388 3797 418 3862 si
430 3797 504 3864 orbi
519 3797 649 3863 erudito
672 3802 708 3863 et
732 3797 844 3864 Mnsae
858 3796 1091 3883 Propertianae
1116 3792 1302 3860 cultoribus

199 3895 313 3979 largiri
337 3899 437 3964 vellet
463 3919 516 3978 ca,
539 3898 665 3984 quibus
689 3899 822 3984 privato
846 3898 961 3967 studio
986 3894 1201 3979 Propertium
1224 3913 1301 3959 cnm

200 3998 253 4062 his
267 3998 460 4066 Graecorum
474 4000 650 4085 poetarum
673 4001 800 4084 ubique
814 4000 907 4085 apud
921 3998 1062 4063 Veteres
1076 3995 1238 4081 dispersis
1251 4015 1301 4060 rc·

200 4099 315 4184 liquiis
329 4103 509 4187 aliqnando
525 4123 741 4188 comparasse
756 4102 840 4170 mihi
853 4105 1043 4167 nauantem
1057 4099 1204 4182 memini.

1369 4176 1507 4694 j
