3034 4775
262 242 306 309 tb
565 258 802 309 rnsrruosra
827 259 874 307 ss
895 258 1051 309 snorcra

306 402 339 469 0
353 404 382 469 si
396 408 478 488 post
491 404 620 469 cineres
632 408 667 469 et
680 422 734 469 me
748 422 886 487 quoqne
897 404 1006 488 jactet
1019 401 1191 469 numnam

350 504 492 571 Umbria
506 504 711 571 carminibus
724 523 794 570 uon
806 504 966 569 inhonora
977 502 1080 569 meist
1192 560 1209 569 ..

307 606 448 673 Umbria
460 605 632 673 Pieridum
647 608 783 684 cultrix,
798 607 909 693 putria
921 606 992 671 ulta
1004 605 1167 689 Properti,
1271 675 1274 679 A

317 736 323 751 ·
350 707 439 788 Qum
452 728 506 773 me
520 727 585 773 non
599 707 716 775 humili
730 709 876 775 candida
888 714 1004 789 monte
1019 708 1108 785 tulit,

305 807 409 891 Vigia
423 827 525 892 quem
540 808 660 891 gelidis
673 807 831 892 placidus
845 807 1047 873 circumfluit
1058 806 1171 885 undis,

351 908 394 974 Et
405 908 440 974 N
441 930 481 975 ar
493 909 682 993 sulphureis
696 910 842 974 sontibus
857 928 961 992 usque
976 909 1102 973 calens

429 1079 550 1145 Petrus
564 1079 714 1146 Crinitus
729 1079 772 1144 de
786 1078 907 1145 Poiitis
922 1077 1055 1144 Latinis
1072 1093 1128 1145 111.
1141 1076 1195 1144 43.

306 1215 387 1281 sea
399 1211 561 1281 Aurelius
586 1214 784 1300 Propertius
796 1234 841 1279 ex
856 1212 1021 1279 Mevania
1044 1212 1173 1295 oppido
1188 1214 1367 1294 oriundus,

263 1318 356 1401 quod
370 1316 405 1379 in
420 1315 560 1381 Umbria
574 1321 634 1393 est,
655 1324 694 1381 ut
715 1316 795 1399 ipse
818 1313 947 1380 Auctor
965 1312 1107 1407 copiose
1121 1318 1274 1394 testabar,
1293 1334 1367 1400 quo

262 1415 342 1483 loco
358 1414 533 1483 Umbriam
548 1416 694 1482 Romani
708 1415 907 1481 Callimachi
920 1416 1063 1497 patriam
1077 1421 1190 1481 vocat:

306 1517 356 1585 Ut
369 1520 491 1586 nostris
507 1519 689 1585 tumefacta
703 1518 872 1603 superbiat
885 1514 1028 1580 Umbria
1041 1514 1148 1595 libris,

348 1620 492 1686 Umbria
505 1619 651 1686 Romani
664 1622 774 1705 patria
789 1618 998 1684 Callimachi.

264 1720 507 1787 Callimachum
522 1722 692 1805 praecipue
708 1721 921 1804 cyreneum,
938 1718 1185 1797 Mimnermum,
1203 1724 1238 1785 et
1250 1718 1365 1787 Phile-

263 1830 345 1900 tam,
366 1820 511 1889 Graecos
532 1822 667 1907 politas,
689 1823 725 1887 in
738 1823 886 1888 carmine
899 1828 1033 1886 secema
1046 1825 1109 1898 est,
1132 1838 1272 1903 quorum
1288 1820 1365 1887 hla-

263 1924 363 1989 uibus
376 1925 532 1989 eomitem
552 1945 589 1990 se
602 1924 792 2009 profitetur.
835 1924 938 2001 Nam,
951 1930 991 1988 ut
1002 1922 1055 1987 illi
1069 1921 1162 2007 apud
1176 1921 1316 1989 Grecos
1328 1926 1365 1991 in

263 2024 371 2109 elegia
385 2044 554 2091 consensu
569 2028 717 2091 omnium
730 2027 830 2109 louge
844 2026 1089 2110 praestiterunt:
1105 2025 1155 2088 ita
1167 2023 1365 2109 Propertius

260 2126 356 2219 ‚apud
370 2126 514 2193 Latinos
530 2146 644 2193 eorum
658 2128 842 2194 imitatione
856 2126 983 2210 primas
1002 2124 1135 2191 videtur
1156 2118 1365 2208 quorundam

258 2226 391 2313 judicio
411 2234 624 2293 consecutus.

285 2413 394 2498 Lilias
409 2413 591 2498 Gregorius
601 2415 785 2500 Gyrnldus,
800 2415 934 2499 Dialog.
948 2415 981 2479 4.
997 2412 1040 2512 de
1056 2413 1188 2480 Hister.
1205 2413 1341 2483 Poiitur.
1425 2441 1431 2450 ·

306 2545 390 2612 Sex.
416 2544 574 2611 Aurelius
604 2548 801 2631 Propertius
829 2547 956 2613 Umber
978 2567 1025 2611 ex
1051 2547 1211 2615 Meuania
1234 2549 1363 2634 oppido

262 2650 368 2714 luisse
383 2647 515 2727 dicitur,
532 2650 594 2714 vvel
608 2651 725 2733 potius
740 2669 786 2714 ex
800 2647 936 2714 Assisia
951 2649 1008 2713 vel
1022 2648 1166 2729 Fssisia,
1187 2657 1363 2737 utrumque

264 2752 352 2816 enim
367 2751 506 2817 memini
518 2771 571 2817 me
585 2751 698 2835 legere
714 2751 749 2818 in
769 2751 902 2818 Gracia
924 2756 959 2816 et
972 2750 1103 2816 munis
1127 2752 1363 2836 scriptoribus:

264 2871 367 2938 qnam
381 2851 669 2930 civitatem-Axim
691 2856 745 2920 vel
769 2853 885 2918 Aesim
906 2853 1022 2938 potius
1036 2853 1111 2934 ipse
1125 2851 1235 2918 Poeta
1247 2855 1363 2938 appel·

210 2962 221 2988 ‘
264 2951 321 3031 lat,
337 2952 464 3037 quade
477 2973 513 3017 re
527 2955 676 3020 nonnihil
691 2955 744 3021 Fl.
759 2955 911 3021 Blondus
925 2953 1051 3038 aliique
1064 2953 1129 3018 viri
1143 2952 1245 3024 docti.
1277 2949 1362 3038 Ejus

265 3051 384 3120 Peste
397 3073 516 3120 versus
529 3057 628 3120 vobis
643 3076 689 3148 ex
703 3064 824 3140 quarto
837 3058 923 3122 libro
946 3056 1109 3133 recitabo,
1130 3065 1170 3120 ut
1184 3056 1281 3139 plane
1294 3075 1364 3120 rem

264 3154 471 3241 percipiatis,
494 3175 562 3238 quo
580 3143 663 3221 loco
688 3157 805 3235 vitam,
836 3158 990 3240 patriam,
1013 3158 1242 3242 fortunamque
1266 3175 1363 3225 suam

265 3258 329 3320 snb
345 3255 434 3322 Hori
449 3255 681 3321 mathematici
695 3254 841 3342 persona
853 3263 1018 3324 recenset:

352 3357 492 3424 Umbria
506 3366 542 3423 te
556 3360 645 3424 notis
659 3359 798 3442 antiqua
811 3361 989 3443 penatibus
1004 3360 1085 3426 edit.

397 3458 555 3537 Mentior,
577 3478 621 3524 an
634 3463 753 3545 patriae
768 3462 915 3545 tangitur
929 3482 990 3528 ora
1003 3467 1093 3529 tuaet

351 3561 429 3642 Qua
443 3561 608 3626 nebulosa
621 3581 706 3628 cavo
719 3570 809 3628 rorat
822 3563 981 3630 Mevania
995 3583 1128 3648 campo,

394 3663 440 3727 Et
453 3659 554 3728 sacer
562 3650 691 3730 aestivis
703 3666 828 3750 intepet
841 3667 981 3750 hymber
994 3667 1103 3749 aquis.

352 3763 616 3848 Scandeutisqne
634 3763 734 3831 Assia
749 3770 924 3852 consurgit
936 3768 1061 3853 vertice
1073 3785 1202 3844 murus,

394 3865 513 3932 Murus
527 3867 570 3930 ab
583 3867 714 3950 iugenio
729 3869 839 3936 notior
849 3870 905 3934 ille
915 3873 986 3933 tuo.

264 3965 403 4033 Videtis
422 3972 459 4032 ut
481 3967 581 4053 plane
606 3968 731 4036 Assem
751 3973 897 4057 patriam
919 3989 1016 4035 suam
1039 3968 1155 4047 iaciat,
1175 3973 1211 4033 et
1231 3959 1362 4032 molum

263 4071 445 4154 hymhrem,
468 4071 599 4139 amnem
625 4075 676 4138 sie
700 4074 808 4141 adhuc
840 4075 885 4140 ab
909 4073 1045 4151 incolis,
1066 4071 1186 4155 paucis
1208 4070 1362 4136 immuta-
